2504 3382
282 202 362 230 vm.
387 189 507 244 7-43.]
562 191 606 230 E
609 192 880 234 UANGELI
881 194 974 234 UM
1002 194 1112 236 SEC

284 277 368 307 1¹01.
384 279 445 308 60.

284 319 460 369 Quisque
485 328 655 359 uestrum

283 373 364 411 sine
386 373 525 412 delicto
546 381 604 412 est
621 376 724 424 prior

282 425 322 462 in
342 439 428 464 eam
448 427 613 476 lapidem
634 430 692 467 iac

281 485 333 517 tet
442 480 503 519 ¹⁵et
523 482 656 520 iterum
686 484 723 520 in

281 533 402 571 clinas
423 546 463 571 se
484 535 531 572 de
552 536 672 585 digito
692 538 763 575 scri

281 587 396 624 bebat
417 589 455 625 in
478 596 616 626 terram
673 591 721 628 ⁹il

281 639 306 677 li
325 641 438 689 igitur
457 654 544 679 cum
560 643 668 681 audis

280 702 365 731 sent
384 695 567 744 paulatim
589 709 675 735 sece

279 747 423 786 debant
443 750 579 799 singuli
599 751 682 788 adci

278 802 425 850 pientes
445 815 467 840 a
487 804 698 842 senioribus

278 866 416 893 omnes
436 865 672 895 recesserunt

278 915 315 946 et
334 910 484 948 relictus
503 918 559 948 est
579 912 681 949 solus

277 962 336 1000 ihs
357 970 392 1000 et
413 976 502 1001 ecce
522 965 657 1003 mulier
675 965 701 1002 il

277 1015 313 1053 la
331 1016 370 1053 in
390 1017 518 1056 medio
537 1026 616 1056 erat
655 1018 774 1057 10611-

277 1081 353 1118 que
373 1071 553 1108 erexisset
572 1084 613 1109 se
633 1072 691 1110 ihs

276 1123 371 1160 dixit
390 1123 439 1160 ad
458 1136 544 1161 eam
564 1126 700 1163 mulier

275 1176 341 1213 ubi
362 1183 449 1213 sunt
469 1178 534 1226 qui
554 1185 589 1216 te
610 1179 730 1227 perdu

273 1236 410 1267 xerunt
431 1242 547 1268 nemo
567 1239 602 1269 te
622 1232 698 1281 lapi

274 1282 379 1320 dauit
533 1285 558 1305 ¹¹
571 1292 609 1323 et
628 1286 689 1323 illa
709 1298 769 1324 res

273 1336 450 1386 pondens
467 1338 560 1376 dixit
579 1352 696 1377 nemo

272 1389 349 1427 dhe
526 1392 618 1430 dixit
639 1400 768 1431 autem

272 1444 307 1481 ei
328 1443 386 1482 ihs
406 1456 478 1483 nec
498 1458 571 1495 ego
592 1453 629 1484 te
649 1447 738 1485 dam

271 1499 375 1536 nabo
395 1499 493 1536 uade
513 1512 561 1537 ex
581 1500 657 1539 hoc
677 1502 744 1539 ia-

271 1551 350 1589 noli
370 1564 533 1601 peccare

271 1689 298 1711 ¹²
311 1690 455 1729 Iterum
475 1692 623 1731 locutus
642 1701 699 1732 est

269 1745 324 1782 eis
344 1745 401 1782 ihs
423 1746 552 1784 dicens
572 1760 645 1796 ego

269 1810 354 1835 sum
375 1799 439 1836 lux
460 1802 592 1838 mundi
613 1803 679 1851 qui

269 1853 439 1901 sequitur
459 1865 521 1891 me
541 1867 621 1892 non

268 1907 478 1944 ambulauit
499 1908 537 1944 in
557 1916 646 1946 tene

267 1959 345 1996 bris
366 1960 433 1997 sed
453 1960 607 2000 habebit
626 1963 664 2000 lu

266 2025 354 2050 cem
374 2014 476 2051 uitae

266 2064 293 2086 ¹³
305 2066 497 2105 Dixerunt
517 2080 609 2118 ergo
629 2069 682 2107 illi

266 2120 431 2169 pharisei
452 2128 492 2159 tu
513 2122 560 2159 de
581 2130 616 2160 te
636 2130 694 2161 tes

264 2173 468 2212 timonium
489 2176 665 2224 perhibes

263 2228 525 2266 testimonium
545 2236 653 2268 tuum

263 2293 343 2318 non
365 2290 422 2320 est
440 2295 574 2320 uerum

262 2333 291 2355 ¹⁴¹
305 2335 562 2385 Respondens
583 2338 640 2375 ihs
665 2338 759 2390 dixit

262 2388 315 2426 eis
334 2397 371 2426 et
391 2390 420 2426 si
440 2402 515 2439 ego
534 2393 686 2431 testimo

262 2442 369 2479 nium
389 2443 572 2491 perhibeo
592 2445 639 2483 de

261 2507 325 2532 me
344 2496 429 2545 ipso
512 2509 649 2536 uerum

261 2555 318 2586 est
335 2550 594 2588 testimonium

260 2613 390 2640 meum
473 2606 562 2654 quia
583 2606 662 2644 scio

258 2657 362 2694 unde
381 2658 470 2695 ueni
491 2666 526 2695 et
546 2671 625 2708 quo

258 2709 360 2747 uado
470 2723 542 2749 uos
564 2720 695 2751 autem

257 2764 410 2802 nescitis
429 2765 531 2803 unde
551 2768 668 2805 uenio

255 2823 293 2854 et
314 2830 391 2867 quo
411 2819 513 2856 uado
597 2820 624 2842 ¹⁵
640 2834 711 2860 uos

255 2871 470 2909 secundum
489 2881 632 2911 carne-

255 2924 428 2964 iudicatis
447 2938 522 2976 ego
536 2928 665 2967 iudico

814 323 1021 363 Neminem
1040 326 1067 346 ¹⁶
1079 332 1116 364 et
1136 326 1167 364 si
1185 327 1223 364 iu

813 377 900 415 dico
920 391 993 427 ego
1013 380 1192 418 iudicium

811 442 942 468 meum
961 445 1096 470 uerum
1116 441 1172 471 est

812 486 903 534 quia
923 487 1030 524 solus
1046 499 1125 525 non
1146 500 1231 525 sum

813 539 880 575 sed
900 551 974 587 ego
995 548 1032 578 et
1051 541 1117 590 qui
1138 553 1201 579 me
1221 541 1273 578 mi

811 592 857 629 sit
877 600 985 641 pater
1143 595 1170 615 ¹⁷
1182 602 1219 633 et
1237 595 1276 632 in

808 645 893 694 lege
912 654 1038 684 uestra
1058 648 1227 697 scriptu-

808 707 865 736 est
973 701 1062 748 quia
1082 701 1247 740 duorum

808 752 1067 791 testimonium
1088 755 1140 792 ho

807 807 954 843 minum
974 819 1108 845 uerum
1127 815 1184 846 est

806 859 834 880 ¹⁸
845 872 918 908 ego
939 872 1022 898 sum
1045 862 1109 911 qui
1129 863 1281 902 testimo

807 913 914 950 nium
935 914 1119 963 perhibeo
1140 916 1187 953 de

807 978 869 1004 me
889 967 972 1016 ipso
992 975 1028 1005 et
1048 970 1199 1008 testimo

806 1021 914 1057 nium
934 1033 1064 1059 meum
1085 1024 1192 1071 perhi

806 1073 869 1110 bet
889 1086 951 1112 me
971 1076 1037 1125 qui
1057 1088 1120 1114 me
1139 1078 1240 1115 misit

804 1133 913 1175 pater

804 1179 831 1200 ¹⁹
844 1180 1036 1220 Dicebant
1056 1195 1150 1232 ergo
1170 1185 1204 1223 ei
1224 1186 1289 1223 ubi

804 1241 860 1270 est
880 1242 988 1283 pater
1007 1248 1116 1274 meus

802 1286 852 1324 Et
872 1290 1067 1337 respondit
1087 1291 1145 1329 ihs
1163 1304 1288 1342 neque

803 1352 866 1378 me
887 1344 1005 1380 nostis
1026 1356 1151 1394 neque
1171 1357 1221 1394 pa

801 1401 897 1432 trem
918 1408 1048 1434 meum
1069 1399 1171 1436 scitis

801 1449 832 1485 si
853 1450 956 1486 enim
976 1463 1038 1488 me
1058 1453 1222 1492 nossetis

800 1509 837 1539 et
856 1510 1001 1551 patrem
1022 1518 1151 1543 meum

800 1556 925 1594 scietis

798 1694 828 1717 ²⁰
840 1695 950 1736 Haec
971 1699 1087 1738 uerba
1105 1699 1256 1740 locutus

1123 1764 1143 1784 3.

799 1799 855 1831 est
875 1793 914 1830 in
935 1795 1213 1845 gazophylocio

799 1847 941 1885 docens
960 1850 997 1885 in
1020 1851 1163 1899 templo

798 1907 835 1937 et
855 1913 971 1939 nemo
992 1903 1215 1952 adpreendit

797 1966 887 1991 eum
908 1957 997 2005 quia
1012 1958 1186 1995 nondum

797 2014 878 2045 erat
898 2008 991 2047 hora
1011 2011 1091 2048 eius
1142 2010 1292 2064 [Herum

798 2070 886 2099 XUII
895 2062 922 2083 ²¹
937 2062 1062 2102 Dixit
1077 2079 1163 2114 ergo
1183 2069 1234 2104 ez‘s

796 2115 855 2152 ihs
875 2128 949 2165 ego
969 2118 1070 2155 uado
1090 2128 1126 2157 et
1147 2133 1246 2169 quae

795 2170 874 2207 ritis
895 2182 956 2208 me
1065 2185 1139 2222 ego
1159 2175 1261 2213 uado

794 2230 831 2260 et
850 2225 1005 2272 queritis
1025 2238 1086 2264 me
1106 2235 1143 2265 et
1161 2229 1201 2266 in

793 2285 952 2325 peccato
967 2288 1095 2318 uestro
1115 2293 1181 2319 mo

793 2331 941 2368 riemini
963 2345 1039 2382 quo
1058 2346 1133 2383 ego
1153 2347 1203 2373 ua

793 2384 844 2422 do
865 2396 936 2423 uos
956 2399 1036 2424 non
1057 2391 1214 2437 potestis

791 2449 923 2476 uenire

791 2492 819 2513 ²²
830 2492 1021 2531 Dicebant
1041 2507 1134 2544 ergo
1153 2497 1255 2536 iudei

790 2548 979 2595 numquid
1000 2548 1159 2588 interfici

789 2607 826 2636 et
845 2611 886 2637 se
905 2601 1032 2649 ipsum
1053 2606 1142 2652 quia
1162 2605 1250 2642 dicit

789 2664 867 2702 quo
888 2666 961 2702 ego
982 2657 1082 2694 uado
1102 2669 1175 2696 uos
1195 2666 1275 2697 110·

788 2709 946 2754 potestis
967 2711 1097 2748 uenire

786 2760 815 2781 ²³
829 2760 879 2797 Et
898 2761 1048 2800 dicebat
1067 2776 1138 2803 uos
1158 2765 1206 2804 de
1225 2767 1273 2805 de

786 2826 918 2852 orsum
939 2818 1027 2854 estis
1163 2833 1237 2870 ego

786 2867 833 2906 de
854 2870 1113 2918 superioribus
1133 2880 1207 2911 su*

785 2933 856 2959 uos
876 2923 923 2961 de
943 2923 1016 2962 hoc
1036 2927 1185 2965 mundo

785 2976 877 3014 estis
959 2991 1032 3028 ego
1053 2993 1133 3019 non
1153 2994 1238 3020 sum

1745 204 1776 241 I
1776 204 1888 244 OHA
1895 206 2079 248 NNEM

1378 285 1460 317 Pol.
1478 289 1534 319 61.

1378 329 1437 366 De
1457 330 1530 368 hoc
1550 332 1698 371 mundo

1377 383 1405 404 ²⁴
1420 383 1497 420 dixi
1518 386 1619 423 enim
1639 387 1748 425 uobis
1768 388 1857 438 quia

1376 448 1557 475 memoris
1573 451 1651 476 non
1672 449 1760 478 esus

1375 489 1413 526 in
1434 493 1601 538 peccatis
1621 495 1756 532 uestris

1373 541 1402 564 ²⁵
1414 543 1604 583 Dicebant
1625 560 1716 596 ergo
1730 549 1763 586 ei
1784 550 1868 598 quis

1372 603 1428 634 est
1447 598 1515 636 iste
1528 599 1619 636 dixit
1635 602 1689 639 eis
1703 602 1761 640 ihs
1781 605 1869 651 pri-

1372 651 1513 700 cipium
1533 654 1638 701 quod
1659 661 1696 691 et
1716 656 1855 705 loquor

1373 705 1482 742 uobis
1501 705 1529 726 ²⁶
1541 707 1660 745 multa
1679 708 1804 747 habeo

1372 757 1420 795 de
1440 760 1552 797 uobis
1571 760 1675 811 loqui
1696 769 1732 800 et
1753 763 1831 801 iudi

1371 823 1458 849 care
1640 815 1707 853 sed
1727 817 1792 866 qui
1812 817 1866 855 mi

1372 866 1419 903 sit
1439 878 1500 904 me
1520 879 1637 905 uerax
1658 877 1715 907 est
1735 877 1771 908 et

1369 931 1443 968 ego
1463 932 1537 969 que
1557 922 1684 960 audiui
1704 925 1754 962 ab

1370 985 1417 1010 eo
1438 974 1530 1012 haec
1552 975 1690 1025 loquor
1709 977 1748 1014 in

1369 1026 1443 1064 huc
1465 1030 1654 1067 mundum

1369 1078 1397 1101 ²⁷
1409 1081 1458 1118 Et
1479 1094 1558 1119 non
1578 1093 1846 1132 cognouerunt

1370 1136 1460 1183 quia
1479 1142 1627 1184 patrem
1646 1139 1700 1176 eis
1721 1139 1805 1178 dice

1369 1188 1434 1225 bat
1453 1188 1520 1226 dm

1367 1240 1396 1262 ²8
1410 1242 1514 1280 Dixit
1529 1255 1621 1292 ergo
1636 1245 1689 1283 eis
1703 1246 1760 1284 ihs
1773 1259 1862 1285 cum

1368 1296 1620 1335 exaltaueritis
1637 1299 1754 1337 filium

1368 1348 1533 1388 hominis
1621 1359 1712 1391 tunc
1733 1366 1808 1403 cog

1367 1404 1531 1441 noscetis
1551 1406 1641 1454 quia
1661 1419 1734 1456 ego
1755 1414 1827 1445 su*

1367 1463 1403 1493 et
1423 1469 1445 1494 a
1464 1470 1525 1495 me
1545 1459 1629 1508 ipso
1650 1461 1740 1498 nihil
1761 1462 1859 1501 facio

1366 1511 1433 1547 sed
1453 1512 1547 1549 sicut
1567 1513 1695 1551 docuit
1715 1527 1777 1553 me

1365 1571 1472 1614 pater
1491 1565 1585 1604 haec
1605 1567 1742 1617 loquor

1364 1702 1393 1726 2⁹
1404 1705 1454 1743 Et
1469 1706 1532 1756 qui
1553 1719 1614 1745 me
1634 1709 1736 1747 misit
1756 1721 1818 1748 me

1364 1771 1451 1796 cum
1471 1767 1528 1798 est
1547 1773 1626 1799 non
1646 1763 1712 1801 reli

1363 1813 1443 1863 quit
1462 1826 1524 1851 me
1545 1816 1669 1853 solum
1690 1818 1780 1867 quia

1363 1879 1435 1916 ego
1456 1880 1554 1917 quae
1574 1870 1714 1918 placita

1362 1927 1450 1957 sunt
1469 1923 1502 1959 ei
1523 1922 1621 1961 facio
1641 1936 1780 1974 senper

1360 1974 1389 1995 ³⁰
1403 1973 1516 2013 Haec
1535 1976 1599 2014 1110
1618 1977 1799 2027 loquente

1361 2028 1469 2066 multi
1493 2031 1734 2070 crediderunt

1359 2082 1398 2118 in
1414 2095 1503 2120 eum

1358 2135 1385 2156 ³¹
1402 2136 1562 2174 Dicebat
1582 2150 1674 2187 ergo
1694 2140 1749 2178 eis
1769 2140 1827 2179 ihs

1358 2190 1423 2238 qui
1443 2191 1681 2230 crediderunt

1357 2243 1392 2280 ei
1412 2256 1459 2281 ex
1479 2245 1599 2283 iudeis
1620 2247 1650 2283 si
1670 2259 1742 2285 uos

1357 2299 1570 2336 manseritis
1589 2300 1628 2337 in
1649 2312 1717 2338 uer

1357 2351 1408 2388 bo
1429 2363 1517 2390 meo
1537 2365 1625 2391 uere
1646 2355 1739 2393 disci

1356 2405 1435 2454 puli
1455 2407 1530 2443 mei
1550 2409 1638 2446 estis
1658 2409 1686 2429 ³2
1698 2416 1734 2447 et
1749 2422 1824 2460 cog

1356 2460 1512 2497 noscitis
1533 2462 1731 2500 ueritatem

1355 2518 1392 2549 et
1411 2514 1548 2553 ueritas
1568 2516 1740 2554 liberauit

1354 2577 1427 2604 uos

1352 2619 1381 2640 ⁸³
1389 2619 1689 2670 Responderunt
1705 2623 1753 2662 ad
1768 2631 1848 2662 eu*

1353 2673 1451 2711 iudei
1473 2675 1639 2714 dicentes
1660 2690 1701 2715 se

1353 2739 1443 2764 men
1463 2728 1656 2768 habrahae
1677 2743 1723 2768 su

1352 2792 1438 2818 mus
1457 2789 1492 2819 et
1508 2785 1650 2822 nemini
1670 2797 1735 2823 um

1351 2846 1467 2884 quam
1488 2838 1712 2877 seruiuimus

1349 2890 1547 2937 quomodo
1566 2899 1607 2930 tu
1627 2893 1723 2931 dicis

1347 2941 1454 2982 liberi
1474 2945 1564 2983 estis

2348 229 2392 264 31

1905 336 1933 357 ⁸⁴
1947 337 2163 387 Respondit
2182 340 2236 378 eis
2256 341 2312 380 ihs

2262 393 2401 447 [01116-

1904 455 2018 482 amen
2039 445 2126 484 dico
2146 448 2257 486 uobis
2281 451 2371 499 quia

1904 499 2032 536 omnis
2055 501 2119 549 qui
2141 501 2228 539 facit
2247 515 2318 551 pec

1903 559 2029 590 catum
2049 566 2182 592 seruus
2202 562 2259 593 est

1902 607 2050 654 peccati
2157 609 2330 648 ³⁵seruus
2350 623 2399 649 au

1903 665 1981 696 tem
2002 672 2080 698 non
2100 670 2229 700 manet
2248 664 2288 701 in

1901 712 2020 750 domo
2040 715 2077 750 in
2098 722 2271 754 eternum

1901 765 2000 803 filius
2020 775 2149 806 manet
2168 770 2206 806 in
2226 777 2306 808 eter

1902 831 1996 856 num

1901 872 1928 893 ³⁶
1943 872 1982 910 Si
2003 873 2099 912 filius
2117 887 2189 913 uos
2207 876 2378 915 liberaue

1900 927 1948 964 rit
1967 939 2008 965 re
2028 939 2120 966 uera
2139 929 2245 968 liberi
2264 932 2318 968 eri

1900 980 1947 1018 tis
2017 982 2045 1002 ³⁷
2059 983 2138 1021 scio
2156 985 2244 1032 quia
2263 991 2397 1022 seme-

1901 1033 2093 1073 habrahae
2113 1039 2202 1075 estis
2223 1039 2291 1076 sed

1900 1089 2053 1136 queritis
2073 1102 2135 1128 me
2154 1092 2250 1130 inter

1898 1141 2009 1180 ficere
2028 1144 2116 1193 quia
2137 1157 2198 1182 ser
2216 1158 2326 1185 meos

1898 1207 1977 1233 non
1997 1198 2097 1246 capit
2117 1198 2155 1235 in
2174 1200 2286 1237 uobis

1897 1249 1926 1270 ³⁸
1938 1262 2012 1299 ego
2031 1252 2137 1299 quod
2158 1253 2237 1290 uidi
2257 1261 2348 1304 aput

1898 1311 2045 1352 patrem
2061 1317 2190 1343 meum
2212 1307 2249 1345 10

1897 1369 1997 1406 quor
2016 1364 2053 1395 et
2073 1371 2144 1397 uos
2163 1361 2270 1409 quod

1897 1411 2042 1449 uidistis
2061 1421 2153 1461 aput
2172 1421 2320 1463 patrem

1896 1472 2063 1503 uestrum
2079 1466 2201 1505 facitis

1895 1518 1923 1538 ³⁹
1936 1519 1986 1556 Et
2005 1521 2285 1569 responderunt
2299 1530 2393 1573 aput

1895 1584 1984 1610 eum
2004 1580 2042 1611 et
2062 1575 2237 1614 dixerunt
2256 1589 2308 1626 pa

1895 1632 1952 1664 ter
1971 1634 2100 1666 noster
2119 1629 2304 1669 abraham

1893 1712 1964 1750 Est
2283 1728 2286 1735 ·

1892 1765 1995 1806 Dicit
2015 1769 2069 1806 eis
2082 1769 2140 1807 ihs
2155 1770 2206 1807 fili
2220 1771 2387 1812 abrahae

1892 1821 1922 1858 si
1943 1823 2033 1860 estis
2054 1835 2146 1873 oper
2166 1825 2332 1864 abrahae

1891 1874 2005 1913 facite
2115 1877 2143 1898 ⁴⁰
2155 1890 2257 1917 nunc
2273 1886 2389 1919 autem

1890 1930 2046 1978 queritis
2065 1942 2128 1968 me
2148 1932 2272 1970 interfi

1889 1995 1975 2020 cere
1995 1984 2191 2022 hominem
2213 1987 2279 2036 qui

1887 2036 2084 2075 ueritatem
2104 2039 2254 2078 locutus

1886 2097 1944 2127 est
1965 2092 2075 2129 uobis
2091 2105 2208 2142 quam
2229 2095 2331 2132 audii

1887 2156 1909 2181 a
1929 2143 1981 2182 do
2003 2144 2076 2183 hoc
2097 2147 2279 2186 abraham

1887 2210 1967 2235 non
1987 2198 2076 2237 fecit
2095 2200 2121 2221 ‘¹¹
2135 2213 2204 2239 uos
2226 2202 2345 2241 facitis

1887 2263 2006 2300 opera
2026 2261 2153 2302 patres
2173 2258 2286 2294 uestri

1886 2304 2076 2344 Dixerunt
2091 2309 2124 2345 61
2145 2321 2216 2346 nos
2232 2322 2277 2347 ex
2292 2322 2381 2360 pros

1884 2360 2059 2398 titutione
2080 2374 2158 2399 non
2179 2375 2311 2401 sumus

1884 2415 1963 2450 nati
1983 2426 2102 2452 unum
2122 2424 2269 2465 patrem

1883 2466 2069 2506 habemus
2089 2469 2156 2506 dm

1882 2519 2020 2559 ⁴²Dicit
2034 2522 2086 2560 eis
2099 2523 2157 2561 ihs
2167 2525 2196 2561 si
2209 2524 2256 2562 ds
2269 2531 2379 2574 pater

1882 2582 2008 2612 uester
2027 2585 2129 2615 esset
2152 2578 2308 2628 diligere

1881 2629 1928 2665 tis
1950 2629 1979 2674 si
2000 2641 2062 2667 me
2177 2645 2252 2681 ego
2272 2633 2375 2672 enim

1880 2693 1928 2719 ex
1949 2682 2001 2719 do
2021 2687 2193 2732 processi
2213 2694 2250 2724 et
2265 2699 2313 2724 ue

1878 2736 1917 2772 ni
1938 2748 2016 2773 non
2037 2739 2139 2776 enim
2159 2751 2182 2777 a
2200 2752 2264 2778 me
2283 2742 2322 2792 ip

1879 2801 1923 2827 so
1944 2791 2032 2828 ueni
2052 2792 2120 2830 sed
2139 2794 2199 2831 ille
2219 2807 2283 2833 me

1877 2844 1980 2882 misit
2089 2846 2117 2867 ⁴³
2128 2860 2245 2898 quare
2260 2856 2376 2888 mea-

1875 2896 2083 2948 loquellam
2104 2913 2183 2939 non
2202 2915 2279 2952 cog

1877 2952 2033 2991 noscitis
2115 2956 2204 3004 quia
2223 2969 2303 2994 non
