2504 3382
124 241 147 275 4
362 224 477 264 EUA
484 223 774 263 NGELJUM
803 221 909 261 SEC

122 314 203 344 1¹01.
222 315 254 345 7.

123 356 261 394 Messis
280 367 372 393 uero
391 361 537 392 consu-

120 410 237 447 matio
261 408 401 446 saeculi
421 414 489 445 est·

120 474 312 500 messores
333 468 472 499 autem·

120 516 245 564 angeli
265 521 352 552 sunt

121 569 261 606 ‘⁰Sicut
283 580 373 617 ergo
395 567 560 616 colligun

119 629 178 660 tur
198 622 341 658 zizania
361 628 397 658 et
418 621 497 669 igni

119 677 379 713 conburuntur
399 674 451 711 sic

118 729 188 766 erit
206 729 245 765 in
265 739 490 766 consumma

119 783 222 819 tione
243 782 381 819 saeculi
403 801 410 809 -
431 780 533 817 ‘ssmit

118 842 170 873 tet
190 836 287 873 filius
308 835 474 872 hominis

119 889 276 938 angelos
296 900 385 926 suos
405 894 441 925 et
460 887 519 924 001

118 943 236 991 ligent
256 943 302 979 de
323 954 440 990 regno
459 941 539 978 eius

119 997 249 1033 omnia
270 995 448 1032 scandala
470 1014 478 1022 ·
500 1001 537 1031 et

119 1061 184 1087 eos
205 1050 269 1098 qui
289 1049 431 1085 faciunt
451 1048 503 1083 ini

119 1103 299 1152 quitatem
319 1103 346 1122 4²
356 1108 391 1138 et
411 1101 560 1137 mittent

117 1168 183 1194 eos
203 1157 241 1192 in
262 1155 456 1193 caminum
476 1154 516 1202 ig

117 1210 177 1247 nis
196 1210 247 1246 ibi
267 1209 335 1245 erit
354 1208 464 1245 fletus
483 1213 520 1244 et

118 1263 256 1300 stridor
275 1262 444 1298 dentium

118 1316 268 1353 4³Tunc
289 1315 486 1364 fulgebunt
506 1313 592 1351 iusti

118 1370 212 1407 sicut
233 1369 288 1406 sol
308 1369 347 1405 in
366 1380 486 1416 regno
506 1380 557 1417 pa

117 1423 183 1461 tris
203 1434 337 1460 eorum
357 1443 364 1451 ·
387 1422 450 1470 qui
470 1421 519 1458 ha

117 1478 181 1514 bet
201 1488 309 1513 aures
330 1474 507 1513 audiendi

117 1530 246 1567 audiat

117 1583 283 1620 “Simile
304 1589 359 1621 est
379 1594 540 1632 regnum

117 1712 320 1750 Caelorum
340 1711 499 1749 thensau

116 1777 159 1803 ro
180 1767 369 1803 absconso
388 1766 427 1802 in
448 1777 542 1813 agro

116 1831 231 1869 quem
252 1831 339 1856 cum
359 1819 502 1856 inuenit

115 1873 232 1911 homo
251 1873 452 1910 abscondit

115 1933 152 1964 et
170 1939 263 1976 prae
283 1926 422 1975 gaudio
442 1925 540 1964 illius

354 1979 375 2009 d

115 2022 221 2060 uadit
240 2029 275 2060 et
295 2023 401 2060 uenit
420 2023 486 2059 uni

115 2089 224 2114 uersa
245 2088 342 2125 quae
363 2076 476 2113 habet

116 2137 153 2167 et
173 2138 271 2167 emet
291 2141 426 2178 agrum
445 2129 538 2166 illu‘·

115 2184 293 2220 45Iterum
313 2183 433 2220 simile
453 2189 509 2220 est

115 2249 276 2285 regnum
297 2237 475 2274 caeloru-

115 2289 261 2327 homini
281 2291 462 2338 negotiari

81 2368 83 2370 ·
115 2344 141 2380 ti
160 2345 355 2393 quaerenti
375 2345 506 2381 bona-

115 2398 357 2446 margaritam
379 2418 387 2426 ·
409 2398 562 2434 ‘¹⁶inue-

115 2457 154 2487 ta
172 2458 297 2488 autem
318 2451 508 2500 praetiosa

115 2505 319 2553 margarita
340 2526 346 2533 ·
369 2505 460 2542 abiit

115 2564 152 2594 et
172 2558 342 2595 uendidit
361 2570 459 2608 quae

116 2622 205 2648 cum
224 2610 354 2648 habuit
374 2617 410 2649 et
431 2612 522 2649 emit

116 2675 202 2700 earn

115 2716 293 2753 ⁴⁷Iterum
314 2717 433 2755 simile
453 2724 509 2756 est
528 2730 597 2767 reg

116 2782 209 2807 num
227 2769 418 2808 caelorum

115 2824 184 2861 reti
205 2824 322 2860 misso
342 2824 380 2860 in
400 2835 503 2861 mare

116 2877 219 2927 quod
241 2889 288 2914 ex
309 2878 412 2914 omni
433 2889 530 2926 gene

115 2943 156 2968 re
176 2930 338 2979 piscium
357 2930 452 2968 colle

115 2984 169 3033 git
188 2984 312 3022 ⁴⁸cum
334 2990 459 3022 autem
479 2990 578 3022 esset

650 352 858 402 Impletum
879 351 1003 389 eduxe

650 413 737 443 runt
757 406 796 443 id
815 405 863 443 ad
882 405 968 442 litus
989 410 1026 442 et
1045 416 1085 442 se

649 459 782 497 dentes
802 459 996 508 elegerunt

649 513 815 562 optimos
834 512 872 548 in
892 512 991 549 uasis
1011 511 1088 549 suis

648 567 772 603 malos
792 573 918 603 autem
937 566 1068 615 proice

649 626 736 656 runt
755 619 853 657 foras

648 673 746 710 4⁹Sic
767 673 835 710 erit
853 673 892 709 in
918 682 1145 709 consumma

647 727 752 764 tione
773 726 1004 763 saecumatio

648 792 697 817 ne
718 780 835 817 seculi
854 779 1013 816 exibunt

649 834 775 882 angeli
795 840 831 870 et
852 833 1080 881 separabunt

648 887 771 924 malos
792 886 839 923 de
860 885 986 923 medio
1009 886 1066 921 ius

648 947 776 977 torum
796 940 866 976 5⁰et
886 939 1034 975 mittent
1052 949 1118 975 eos

648 994 687 1030 in
708 993 901 1030 caminum
922 992 1020 1040 ignis

649 1047 700 1083 ibi
724 1047 791 1083 erit
812 1046 920 1083 fletus
940 1052 976 1082 et
997 1045 1061 1082 stri

649 1100 718 1137 dor
739 1099 910 1136 dentium

648 1152 923 1190 ⁵¹1ntellexistis
944 1151 1037 1188 haec
1057 1163 1122 1188 om

648 1207 711 1243 nia
732 1206 862 1243 dicunt
883 1206 915 1243 ei
936 1206 1064 1254 utique

649 1261 747 1296 XL1⁵²
766 1260 824 1297 Et
840 1261 895 1296 az'l
907 1260 984 1296 illis
1000 1259 1073 1295 ideo
1088 1270 1142 1295 om

647 1314 706 1351 nis
727 1315 848 1350 scriba
869 1314 1003 1350 doctus
1024 1313 1063 1348 in

647 1379 767 1416 regno
788 1366 981 1404 caelorum
1001 1366 1032 1402 si

648 1421 744 1457 milis
765 1427 821 1457 est
840 1419 985 1457 homini
1005 1430 1054 1467 pa

646 1474 853 1511 trifamilias
873 1473 937 1522 qui
958 1484 1027 1521 pro

647 1527 718 1565 fert
739 1527 786 1564 de
808 1527 1012 1564 thensauro

649 1593 718 1619 suo
738 1593 839 1619 noua
859 1587 895 1618 et
913 1587 1043 1617 uetera

648 1710 731 1747 ⁵³Et
751 1710 893 1747 factum
913 1715 967 1746 est
988 1720 1074 1746 cum

647 1770 952 1802 consummasset
972 1763 1030 1800 ihs

646 1818 847 1867 parabolas
867 1818 956 1854 istas
977 1823 1061 1853 tran

647 1872 705 1908 siit
725 1871 813 1908 inde
860 1871 932 1907 5*et
951 1871 1110 1907 ueniens

646 1925 685 1962 in
705 1925 867 1974 patriam
888 1935 997 1961 suam
1017 1923 1068 1960 do

646 1979 755 2017 cebat
776 1990 841 2016 eos
862 1978 900 2014 in
920 1977 1125 2026 synagogis

647 2044 779 2070 eorum
798 2033 850 2069 ita
869 2039 909 2068 ut
929 2031 1094 2068 mirare-

647 2092 706 2123 tur
726 2093 762 2123 et
782 2085 947 2122 dicerent
966 2084 1070 2121 unde

646 2139 734 2176 huic
755 2139 939 2187 sapientia
958 2145 994 2175 et
1013 2138 1070 2174 uir

645 2199 743 2230 tutes
764 2193 926 2229 5⁵nonne
946 2191 1006 2229 hic
1027 2198 1082 2228 est
1103 2191 1128 2227 fi

645 2246 715 2283 lius
735 2245 866 2294 ioseph
888 2245 982 2282 fabri
1004 2257 1082 2282 non

644 2312 693 2338 ne
714 2307 832 2337 mater
853 2299 932 2336 eius
953 2299 1088 2336 dicitur

643 2354 762 2390 maria
780 2360 816 2390 et
837 2352 969 2390 fratres
991 2353 1071 2389 eius

643 2407 801 2444 iacobus
821 2412 858 2443 et
877 2405 1012 2454 ioseph
1032 2413 1068 2443 et
1088 2405 1127 2442 iu

645 2460 713 2498 das
733 2466 770 2498 et
790 2460 914 2497 simon
934 2460 1005 2496 ⁵⁶et
1026 2471 1114 2496 soro

644 2526 704 2551 res
723 2514 802 2551 eius
823 2525 950 2550 nonne
971 2524 1106 2550 omnes

644 2574 735 2616 aput
754 2579 825 2604 nos
846 2572 934 2605 sunt
1039 2565 1140 2604 unde

645 2633 736 2670 ergo
759 2620 845 2658 huic
866 2620 996 2658 omnia
1015 2620 1085 2657 ista

644 2674 716 2712 ⁵⁷et
737 2674 1090 2712 scandalizabantur

644 2728 684 2765 in
703 2740 750 2765 eo

645 2780 710 2819 Ihs
730 2792 857 2818 autem
874 2781 966 2818 dixit
986 2781 1040 2819 eis
1060 2792 1140 2818 non

645 2842 700 2872 est
720 2835 865 2883 profeta
885 2836 965 2872 sine
986 2834 1092 2872 hono

644 2900 683 2925 re
703 2889 772 2925 nisi
793 2889 832 2925 in
851 2889 973 2936 patria
993 2900 1060 2926 sua
1080 2894 1116 2926 et

644 2941 684 2978 in
705 2941 822 2979 domo
843 2953 911 2979 sua

1537 220 1626 257 MA
1638 220 1841 259 TTEUM
1893 219 1994 273 [xm.
2016 235 2160 271 39-x1v.
2183 237 2237 260 20.

1212 309 1295 387 {izit
1311 310 1400 387 i8deo
1421 360 1499 386 non
1521 348 1607 385 fecit
1626 348 1677 385 ibi

1212 404 1369 441 uirtutes
1389 403 1526 439 multas
1546 413 1643 450 prop

1212 464 1267 495 ter
1286 456 1586 493 incredulitatem

1212 511 1363 548 illorum

1213 564 1267 602 14¹
1288 564 1335 600 In
1358 562 1421 600 illo
1448 568 1619 610 ternpore
1643 572 1709 597 au-

1213 617 1376 655 herodes
1396 615 1584 653 tetrarcha
1623 612 1708 666 [diit

1212 672 1356 709 famam
1375 670 1439 707 ihu
1460 669 1517 706 ²et
1537 669 1587 705 ait
1607 680 1682 717 pue

1565 731 1585 751 a

1213 768 1263 805 ris
1284 767 1359 804 suis
1379 766 1440 803 hic
1460 771 1517 803 est
1536 764 1660 802 iodnis

1213 821 1374 870 baptista
1393 820 1474 868 ipse
1495 818 1653 856 surrexit

1213 888 1235 912 a
1255 874 1412 911 mortuis
1432 879 1468 910 et
1487 872 1574 909 ideo
1595 872 1652 908 uir

1213 935 1311 965 tutes
1331 932 1537 975 operantur
1556 925 1595 961 in
1615 937 1661 962 eo

1212 981 1410 1018 3Herodes
1430 979 1531 1016 enim
1551 979 1671 1016 tenuit

1213 1035 1418 1072 iohannem
1438 1040 1475 1070 et
1495 1032 1609 1080 alliga

1211 1089 1263 1126 uit
1284 1100 1372 1125 eum
1392 1094 1429 1124 et
1449 1087 1548 1123 misit
1564 1086 1604 1122 in

1213 1153 1401 1180 carcerem
1422 1147 1577 1189 propter

1211 1194 1456 1232 herodiadem
1475 1200 1619 1230 uxore-

1211 1249 1333 1286 fratris
1354 1248 1411 1285 sui
1431 1247 1563 1296 pilippi
1582 1246 1640 1283 4di

1212 1303 1322 1340 cebat
1341 1302 1444 1339 enim
1465 1300 1514 1337 illi
1538 1300 1626 1337 ioad

1212 1368 1280 1393 nes
1301 1367 1381 1393 non
1401 1355 1487 1392 licet
1507 1354 1573 1391 tibi
1594 1353 1642 1390 ha

1212 1410 1301 1446 bere
1322 1420 1408 1446 eam
1526 1407 1583 1444 ⁵et
1602 1406 1708 1444 uoles

1214 1463 1319 1499 illum
1339 1462 1446 1498 illum
1466 1461 1599 1498 occide

1213 1528 1251 1552 re
1273 1516 1395 1552 timuit
1415 1514 1601 1563 populum

1213 1569 1303 1618 quia
1323 1569 1418 1605 sicut
1437 1566 1584 1616 profeta
1604 1566 1654 1604 ha

1212 1623 1354 1660 bebant
1373 1633 1463 1659 eum

1211 1708 1304 1745 6Die
1324 1715 1452 1745 autern
1473 1705 1609 1744 natalis

1211 1762 1360 1799 herodis
1381 1761 1529 1798 saltauit
1550 1760 1575 1797 fi

1211 1816 1260 1852 lia
1279 1815 1494 1853 herodiadis
1515 1815 1553 1851 in
1573 1826 1635 1851 me

1211 1869 1274 1907 dio
1296 1869 1457 1906 triclinio
1477 1875 1513 1906 et
1532 1868 1595 1917 pla

1210 1923 1285 1961 cuit
1304 1922 1437 1960 herodi
1546 1920 1669 1958 ⁷unde

1210 1988 1300 2015 cum
1319 1977 1534 2013 iuramento

1210 2031 1398 2080 pollicitus
1419 2036 1475 2066 est
1494 2029 1528 2066 ei
1549 2028 1598 2065 da

1210 2097 1249 2122 re
1269 2084 1539 2133 quodcumque

1211 2138 1438 2187 postulasset
1457 2138 1506 2173 ab
1525 2148 1572 2173 eo
1592 2135 1662 2173 8ad

1209 2192 1273 2229 illa
1292 2190 1507 2240 premonita
1527 2202 1548 2227 a
1568 2202 1632 2227 ma

1209 2252 1264 2282 tre
1286 2257 1354 2282 sua
1374 2244 1466 2281 dixit
1487 2243 1534 2280 da
1553 2243 1606 2280 mi

1209 2298 1247 2335 hi
1268 2299 1306 2335 in
1327 2298 1434 2335 disco
1455 2303 1569 2345 caput
1589 2297 1626 2335 io

1209 2352 1346 2389 hannis
1367 2352 1528 2400 baptiste

1210 2406 1278 2442 ⁹Et
1298 2406 1539 2443 contristatus
1558 2409 1614 2440 est

1209 2471 1275 2496 rex
1296 2459 1457 2496 herodes
1477 2469 1574 2506 prop

1208 2519 1263 2550 ter
1281 2513 1535 2549 iuramentum

1208 2574 1244 2603 et
1263 2572 1416 2615 propter
1436 2564 1547 2602 simul
1567 2576 1606 2601 re

1209 2621 1418 2658 cunbentes
1439 2619 1545 2656 iussit

1511 2675 1544 2702 et

1210 2716 1290 2754 dari
1309 2715 1519 2764 ¹⁰misitque
1539 2713 1650 2752 decol

1209 2770 1299 2808 lauit
1319 2781 1406 2807 eum
1426 2769 1494 2806 net
1513 2768 1598 2806 adla

1209 2831 1291 2861 tum
1312 2830 1368 2861 est
1389 2830 1505 2871 caput
1524 2822 1604 2859 eius

1210 2878 1249 2914 in
1270 2877 1377 2914 disco
1397 2883 1433 2913 et
1453 2876 1585 2913 datum

1210 2937 1268 2968 est
1288 2929 1436 2979 puellae
1456 2929 1581 2978 puella

1211 2990 1338 3022 autem
1358 2982 1490 3021 adtulit
1509 2994 1573 3020 ma

1743 349 1814 387 Tri
1833 362 1926 388 suae

1741 403 1825 440 ¹²Et
1845 411 2087 442 accesserunt
2107 405 2202 442 disci

1742 457 1821 505 puli
1841 458 1920 495 eius
1941 465 1978 495 et
1997 459 2164 496 tulerunt

1743 521 1881 558 corpus
1901 518 1937 548 et
1957 512 2185 560 sepelierunt

1743 569 1780 600 et
1799 563 1890 600 illud
1910 571 1947 601 et
1967 572 2154 602 uenerunt
2173 571 2210 602 et

1743 617 2053 654 renuntiauerunt
2073 619 2138 654 ihu

1743 669 1770 689 ¹³
1778 669 1894 715 Quod
1904 671 2032 708 audito
2043 671 2100 708 ihs
2113 683 2238 708 secess

1743 724 1770 760 it
1791 723 1877 759 inde
1898 723 1937 759 in
1957 724 2159 761 nauicula-

1743 783 1779 813 et
1798 777 1837 812 in
1857 776 1986 813 locum
2006 777 2185 815 desertu-

1742 842 1913 867 seorsum

1740 883 1788 920 Et
1809 895 1898 920 curn
1917 883 2111 920 audissent
2131 890 2190 920 tur

1741 938 1812 974 bae
1833 943 1961 974 secute
1983 944 2069 973 sunt
2090 945 2166 974 eu-

1741 991 1940 1039 pedestrae
1961 990 2008 1027 de
2029 990 2144 1027 ciuita

1741 1044 1840 1081 tibus
1860 1043 1930 1081 ¹4et
1948 1051 1989 1080 ut
2009 1044 2104 1081 uidit
2123 1050 2181 1081 tur

1741 1098 1790 1135 ba
1809 1097 1929 1135 multa
1947 1098 2121 1134 misertus

1741 1158 1797 1189 est
1818 1151 1887 1188 illis
1907 1158 1944 1188 et
1966 1152 2111 1189 curauit
2130 1151 2170 1188 in

1741 1205 1872 1242 firmos
1893 1216 2026 1242 eorum

1743 1257 1857 1294 ΧΗΙ15
1879 1258 2030 1306 Uespere
2044 1258 2238 1307 aulemfac

1741 1318 1781 1349 to
1800 1312 2046 1349 adcesserunt
2065 1311 2113 1348 ad

1741 1377 1831 1402 eum
1847 1365 2019 1413 discipuli
2039 1365 2120 1402 eius

1743 1419 1913 1456 dicentes
1933 1419 2104 1456 desertus

1741 1472 1847 1509 locus
1867 1478 1924 1509 est
1944 1478 1980 1508 et
2004 1471 2097 1509 hora
2117 1471 2181 1509 ia-

1742 1526 1932 1574 praeteriit
1952 1525 2098 1562 dimitte

1742 1579 1870 1616 turbas
1890 1584 1931 1615 ut
1950 1578 2074 1615 euntis
2095 1578 2134 1615 in

1743 1706 1910 1745 Castella
1930 1713 2060 1745 emant
2080 1707 2149 1746 sibi

1741 1774 1849 1799 escas

1742 1815 1843 1852 ieffis
1863 1822 1989 1853 autern
2011 1815 2103 1852 dixit
2124 1827 2204 1853 non

1742 1868 1883 1907 habent
1903 1881 2058 1906 necesse
2079 1869 2131 1906 ire

1742 1922 1827 1960 date
1847 1922 1918 1960 illis
1938 1934 2007 1960 uos
2028 1921 2173 1960 mandu

1741 1988 1827 2013 care

1742 2029 2078 2078 17Responderunt
2102 2029 2135 2066 ei
2159 2041 2239 2067 non

1741 2083 1927 2120 habemus
1947 2083 2018 2120 nisi
2038 2083 2170 2132 quinq·

1741 2149 1860 2185 panes
1881 2144 1916 2173 et
1937 2137 2034 2174 duos
2055 2137 2180 2185 pisces

1741 2190 1825 2227 18Et
1845 2191 1896 2228 ait
1914 2190 1972 2227 ihs
1992 2190 2134 2227 adferte
2154 2201 2221 2228 eos

1742 2244 1790 2281 ad
1810 2256 1872 2281 me

1741 2297 1824 2335 ¹⁹Et
1845 2309 1932 2335 cum
1951 2297 2115 2334 iussitset
2135 2304 2195 2335 tur

1740 2352 1830 2388 bam
1851 2351 2075 2388 discunbere
2097 2363 2140 2388 su

1740 2417 1808 2454 pra
1828 2405 1956 2442 fenum
1977 2404 2146 2454 adceptis

1741 2459 1910 2508 quinque
1931 2458 2092 2507 panibus
2112 2464 2148 2495 et

1741 2513 1892 2549 duobus
1912 2512 2081 2560 piscibus
2100 2511 2184 2560 aspi

1741 2566 1846 2603 ciens
1866 2566 1904 2602 in
1923 2565 2071 2603 caelum
2091 2572 2128 2603 et
2148 2566 2196 2603 be

1741 2619 1884 2656 nedixit
1904 2625 1941 2656 et
1960 2618 2068 2667 fregit
2088 2625 2125 2656 et

1741 2673 1845 2710 dedit
1865 2672 2057 2721 discipulis
2077 2672 2154 2708 suis
2174 2683 2226 2720 pa

1741 2738 1811 2763 nes
1920 2725 2095 2772 discipuli
2109 2731 2237 2762 autem

1741 2779 1858 2817 turbis
1881 2778 1951 2815 ²⁰et
1971 2778 2163 2815 manduca

1741 2838 1877 2870 uerunt
1895 2843 2029 2869 omnes
2049 2838 2086 2868 et
2106 2843 2147 2868 sa

1741 2886 1851 2924 turati
1871 2891 1959 2922 sunt
1977 2891 2014 2921 et
2033 2884 2166 2934 reliqui

1742 2951 1784 2977 as
1803 2938 2026 2988 colligemnt
2045 2938 2129 2988 frag

2128 3055 2185 3080 1111
