2504 3382
149 192 197 238 38

145 277 228 308 Fol.
244 277 301 308 74.

378 188 421 226 E
425 187 493 225 UA
501 186 786 226 NGELIUM
819 186 930 225 SEC

148 318 300 357 XXUII³³
345 317 483 355 Filz'olz'
523 317 643 354 adhuc
675 314 789 353 Uiam
810 316 906 353 scire

450 369 643 423 [modicu-

147 427 350 464 uobiscum
371 437 454 463 sum
475 431 511 462 et
531 435 604 472 que

145 481 223 518 ritis
241 491 304 517 me
341 485 377 516 et
397 478 493 515 sicut
515 477 591 514 dixi

145 533 263 570 iudeis
283 543 359 582 quo
381 543 453 579 ego
473 529 575 568 uado

145 597 215 624 uos
234 597 313 623 non
333 585 491 633 potestis
511 583 598 621 ueni

144 652 183 677 re
203 645 239 677 et
259 639 368 676 uobis
388 637 473 675 dico
493 636 611 674 modo

142 692 400 741 ³⁴Preceptum
421 702 566 728 nouum
587 690 638 728 do

143 747 253 784 uobis
273 752 313 783 ut
333 745 494 794 diligatis
515 744 593 781 inui

142 812 226 838 cem
247 801 341 837 sicut
361 799 476 836 dilexi
495 809 565 835 uos

142 853 305 902 diligatis
326 853 488 889 inuicem

141 906 222 944 85Ι11
235 906 308 944 hoc
321 911 556 954 cognoscent
570 915 634 941 om

141 972 210 998 nes
229 960 317 1009 quia
337 960 412 996 mei
434 958 607 1007 discipuli

140 1014 230 1051 estis
250 1013 280 1051 si
301 1012 540 1050 dilectionem
560 1010 609 1048 ha

139 1067 292 1104 bueritis
313 1066 361 1103 ad
381 1065 546 1102 inuicem

138 1120 272 1157 ³⁶Dicit
291 1120 324 1157 ei
345 1119 469 1156 simon
488 1125 618 1168 petrus

139 1173 214 1211 dfie
234 1185 310 1223 quo
330 1172 438 1210 uadis

141 1226 355 1277 Respondit
385 1225 442 1263 ihs
473 1232 509 1262 et
540 1224 631 1262 dixit

534 1276 631 1330 [quo

138 1346 212 1384 ego
232 1333 333 1371 uado
353 1345 431 1370 non
453 1340 577 1381 potest

137 1399 199 1425 me
219 1387 337 1425 modo
358 1387 464 1435 sequi
485 1397 600 1435 seque

136 1442 186 1478 ris
206 1448 334 1478 autem
354 1447 488 1489 postea

136 1495 164 1516 ³⁷
172 1494 273 1532 Dicit
287 1495 320 1531 ei
332 1501 459 1543 petrus
469 1494 541 1530 dfie
556 1504 631 1542 qua

136 1561 177 1585 re
197 1548 315 1585 modo
335 1560 413 1585 non
434 1558 593 1595 possum

135 1608 173 1639 te
193 1602 298 1651 sequi
321 1601 490 1638 animam
512 1607 627 1637 mea-

136 1667 205 1704 pro
226 1662 262 1692 te
282 1667 425 1704 ponam

134 1741 385 1790 ”Respondit
406 1740 462 1777 ihs
483 1747 519 1778 et
539 1740 578 1777 di

134 1795 188 1832 xit
208 1796 374 1831 animam
394 1801 498 1831 tuam

134 1861 205 1898 pro
226 1861 285 1885 me
306 1860 428 1897 pones
466 1854 583 1885 ame-

135 1914 249 1939 amen
269 1901 354 1939 dico
375 1902 439 1938 tibi
459 1914 539 1939 non

136 1956 303 1993 cantauit
323 1956 442 2004 gallus
463 1955 513 1992 do

136 2022 208 2047 nec
229 2016 268 2046 tu
287 2021 347 2046 me
368 2016 424 2045 ter
444 2020 561 2057 neges

134 2062 189 2099 141
203 2062 294 2100 Non
306 2063 477 2100 turbetur
489 2074 553 2099 cor
563 2074 631 2100 ues

134 2123 235 2153 trum
255 2116 395 2153 credite
415 2117 454 2152 in
474 2115 541 2153 dm

135 2177 172 2207 et
191 2170 231 2207 in
250 2181 311 2207 me
332 2170 473 2207 credite

134 2224 202 2261 ²In
244 2223 361 2261 domo
402 2223 518 2272 patris
557 2223 631 2260 mei

519 2274 632 2328 [ma—

136 2330 264 2368 siones
282 2329 424 2367 multae
445 2338 532 2367 sunt

138 2385 168 2421 si
188 2395 264 2433 quo
284 2384 410 2420 minus
452 2384 550 2421 dixis

139 2450 218 2475 sem
238 2438 349 2475 uobis
390 2439 478 2486 quia
497 2450 547 2475 ua

137 2491 188 2528 do
208 2503 341 2540 parare
360 2491 471 2528 uobis
490 2491 617 2529 locum

136 2544 194 2581 ³et
213 2545 242 2581 si
262 2545 390 2582 abiero
409 2552 445 2582 et
464 2557 583 2595 prepa

137 2609 271 2634 rauero
290 2599 397 2636 uobis
416 2598 546 2636 locum

138 2651 273 2688 iterum
293 2652 406 2688 uenio
426 2660 462 2689 et
482 2653 531 2690 ad

139 2704 259 2742 cersio
279 2716 349 2741 uos
387 2705 434 2742 ad
454 2718 514 2743 me
534 2707 572 2755 ip

140 2770 225 2795 sum
245 2765 285 2794 ut
304 2757 368 2794 ubi
388 2770 460 2807 ego
481 2771 567 2796 sum

139 2818 177 2848 et
192 2822 263 2848 uos
279 2810 357 2848 sitis
394 2812 450 2848 ‘¹et
466 2824 542 2860 quo
559 2825 608 2850 ua

139 2864 191 2902 do
212 2864 311 2901 scitis
331 2871 367 2901 et
389 2865 490 2901 uiam
515 2867 632 2903 nostis

138 2917 263 2954 ⁵Dicit
283 2917 316 2954 ei
335 2917 483 2955 thomas
504 2919 590 2956 dme

139 2971 331 3009 nescimus
350 2983 428 3020 quo
448 2972 556 3009 uadis

140 3032 178 3063 et
197 3024 394 3074 quomodo
414 3036 617 3074 possumus

674 368 797 406 ⁶Dicit
817 369 850 406 ei
871 369 928 406 ihs
947 380 1020 417 ego
1040 380 1124 406 sum

674 423 776 459 uiam
796 429 832 459 et
852 423 989 459 ueritas
1009 430 1046 459 et
1066 423 1104 459 ui

673 483 712 513 ta
751 487 867 513 nemo
888 477 991 513 uenit
1011 476 1059 512 ad
1079 488 1128 524 pa

673 536 770 566 trem
790 529 860 566 nisi
881 541 949 578 per
968 541 1029 566 me
1048 527 1100 566 ⁷si

673 583 907 632 cognouistis
928 595 990 620 me
1011 589 1047 620 et

672 643 822 685 patrem
842 648 972 674 meum
992 648 1066 684 cog

672 690 830 727 nouistis
850 697 886 727 et
906 690 1047 728 amodo

672 744 792 780 nostis
812 755 899 780 eum
919 750 955 781 et
975 743 1073 780 uidis

670 797 717 833 tis
738 809 825 833 eum

670 849 793 887 ⁸Dicit
813 851 846 887 ei
863 850 1012 899 filippus
1029 849 1103 885 dfie
1121 860 1163 886 os

669 903 783 940 tende
802 904 915 940 nobis
936 910 1084 951 patrem

669 963 705 993 et
726 956 861 994 sufficit
882 957 992 993 nobis

669 1009 787 1046 ⁹Dicit
807 1011 840 1048 ei
860 1010 917 1047 ihs
954 1016 1101 1046 tantum

1076 1060 1159 1114 [te-

666 1119 770 1168 poris
789 1117 991 1155 uobiscum
1013 1128 1097 1153 sum

667 1180 703 1211 et
724 1184 802 1210 non
823 1170 1056 1220 cognouistis

665 1238 727 1263 me
768 1225 935 1276 philippe
952 1224 1016 1274 qui
1032 1223 1125 1260 uidit

666 1292 727 1317 me
748 1279 841 1316 uidit
862 1286 898 1316 et
919 1285 1066 1327 patrem

666 1333 863 1383 quomodo
883 1338 923 1368 tu
945 1332 1039 1368 dicis

666 1387 824 1424 ostende
846 1386 957 1423 nobis
977 1391 1113 1433 patre*

666 1441 778 1478 1Onon
800 1439 921 1477 credis
942 1439 1030 1487 quia
1051 1449 1124 1487 ego

666 1495 703 1531 in
724 1502 871 1543 patrem
891 1500 927 1529 et
947 1499 1054 1541 pater

665 1549 704 1585 in
725 1560 786 1585 me
806 1555 861 1584 est
894 1547 1013 1583 uerba
1032 1557 1105 1594 que

665 1614 740 1650 ego
759 1601 897 1650 loquor
916 1600 1027 1637 uobis

665 1741 701 1778 A
721 1752 782 1778 me
802 1740 886 1789 ipso
907 1752 986 1777 non
1006 1739 1142 1788 loquor

665 1801 772 1844 pater
792 1801 919 1831 autem
939 1793 1004 1842 qui
1025 1794 1063 1829 in
1084 1805 1146 1829 me

665 1848 894 1896 manetipse
914 1847 1080 1896 loquitur

666 1910 703 1939 et
723 1914 840 1950 opera
860 1913 956 1950 quae
977 1901 1076 1938 facio

666 1956 747 2004 ipse
766 1955 855 1993 facit
875 1955 1049 1992 11credite
1069 1954 1121 1991 mi

665 2009 703 2046 hi
723 2009 811 2058 quia
831 2021 904 2057 ego
926 2009 965 2045 in
985 2015 1131 2058 patrem

666 2070 702 2100 et
722 2070 829 2111 pater
848 2063 887 2099 in
907 2074 968 2100 me
989 2062 1160 2112 alioqui—

666 2124 820 2165 propter
837 2116 900 2153 uel
920 2123 1074 2165 propter

666 2182 783 2218 opera
802 2170 873 2207 ista
892 2170 1031 2207 credite
1052 2169 1145 2206 mihi

666 2223 817 2260 12Amen
826 2236 940 2261 amen
948 2224 1034 2261 dico
1048 2224 1159 2262 uobis

666 2278 755 2326 quia
775 2278 839 2326 qui
859 2278 976 2314 credit
996 2278 1035 2314 in
1055 2289 1116 2315 me

666 2343 783 2380 opera
803 2343 899 2379 quae
920 2343 993 2379 ego
1012 2330 1109 2368 facio

666 2385 780 2421 etiam
800 2385 880 2433 ipse
900 2384 1012 2421 faciet
1051 2392 1088 2421 et

665 2438 811 2475 maiora
829 2450 961 2476 eorum
981 2437 1093 2475 faciet

665 2492 755 2541 quia
775 2504 848 2541 ego
870 2492 918 2528 ad
941 2498 1086 2541 patrem

664 2545 767 2582 uado
840 2544 911 2582 ¹³et
931 2546 1125 2594 quodcum

665 2611 738 2648 que
758 2598 937 2648 petieritis
956 2600 994 2636 in
1015 2599 1123 2636 nomi

665 2665 714 2690 ne
735 2665 822 2690 meo
844 2665 917 2702 ego
937 2652 1074 2690 faciam

666 2713 706 2743 ut
726 2706 948 2744 clarificetur
967 2714 1074 2756 pater

665 2760 704 2796 in
724 2760 801 2798 filio
839 2760 910 2798 ¹4et
930 2760 960 2798 si
980 2761 1070 2811 quid

1063 2812 1159 2867 [peti

667 2874 765 2903 eritis
785 2879 807 2904 a
826 2874 930 2916 patre
949 2880 1038 2906 meo
1056 2869 1095 2905 in

668 2921 823 2958 nomine
843 2933 931 2959 meo
950 2934 1023 2970 ego
1042 2922 1079 2959 fa

668 2973 767 3010 ciam
1010 2972 1161 3026 [precep

671 3026 838 3063 XXL’11115
863 3026 912 3065 Si
928 3028 1086 3077 dz'lzgilzk
1109 3042 1161 3066 me

1545 186 1882 226 IOHANNEM
1953 185 2050 239 [xm.
2075 199 2202 234 33-xv.
2225 203 2254 224 2.

1235 274 1317 304 Pol.
1333 275 1389 306 75.

1235 316 1298 354 Ta
1317 328 1403 352 mea
1422 315 1609 352 custodite
1628 315 1700 352 ¹⁶et

1233 381 1306 418 ego
1326 370 1474 419 rogabo
1495 375 1643 417 patrem

1234 430 1270 460 et
1290 423 1405 459 alium
1425 422 1649 471 paraclitum

1234 475 1338 513 dabit
1359 477 1469 513 uobis
1489 482 1529 512 ut
1550 476 1660 512 uobis

1233 541 1320 567 cum
1341 530 1387 566 sit
1406 529 1445 566 in
1465 535 1639 566 eternum

1233 582 1351 631 ²⁷spm
1372 583 1540 620 ueritatis
1560 593 1675 631 quem

1233 636 1399 673 mundus
1420 648 1498 673 non
1520 642 1647 685 potest

1233 690 1410 739 adcipere
1430 690 1519 739 quia
1539 701 1619 726 non

1232 743 1326 780 uidit
1345 755 1434 781 eum
1473 755 1544 780 nec
1563 755 1638 792 cog

1232 798 1356 834 noscit
1375 809 1463 834 eum
1532 808 1603 833 uos
1624 808 1672 833 au

1231 857 1309 887 tem
1329 851 1447 888 nostis
1467 861 1553 887 eum
1575 850 1665 899 quia

1231 910 1323 952 aput
1342 915 1413 941 uos
1432 910 1562 941 manet
1581 910 1618 940 et
1636 915 1688 941 uo

1230 958 1379 995 biscum
1399 963 1457 994 est
1530 956 1644 994 ι811011

1231 1022 1301 1047 uos
1321 1010 1530 1060 relinquam
1549 1011 1631 1048 orfa

1231 1075 1301 1101 nos
1322 1064 1436 1102 uenio
1456 1064 1505 1102 ad
1524 1076 1595 1102 uos

1230 1117 1400 1156 ¹⁹Adhuc
1420 1118 1618 1156 modicum
1638 1124 1675 1156 et

1230 1172 1396 1209 mundus
1415 1184 1478 1209 me
1498 1172 1575 1209 iam
1594 1184 1675 1210 non

1230 1225 1334 1263 uidet
1353 1237 1424 1264 uos
1444 1232 1572 1263 autem
1593 1226 1630 1262 ui

1229 1279 1324 1316 detis
1343 1291 1406 1317 me
1446 1280 1536 1329 quia
1556 1291 1630 1328 ego
1649 1280 1687 1316 ui

1229 1344 1280 1370 uo
1299 1339 1336 1370 et
1355 1344 1427 1370 uos
1446 1333 1583 1370 uiuetis
1603 1333 1679 1370 ²⁰in

1228 1386 1291 1423 illa
1311 1386 1371 1424 die
1390 1387 1632 1436 cognoscetis

1229 1451 1298 1478 uos
1336 1440 1425 1489 quia
1445 1452 1519 1489 ego
1539 1441 1578 1477 in
1598 1446 1705 1489 patre

1231 1505 1319 1531 meo
1333 1500 1370 1531 et
1384 1505 1456 1532 uos
1471 1494 1510 1530 in
1525 1505 1588 1531 me
1600 1500 1637 1531 et
1649 1505 1724 1543 ego

1228 1547 1267 1585 in
1289 1547 1401 1585 uobis

1227 1741 1253 1763 ²¹
1263 1741 1341 1788 Qui
1361 1741 1476 1779 habet
1495 1748 1677 1791 precepta

1228 1808 1314 1833 mea
1335 1802 1371 1832 et
1392 1803 1516 1832 seruat
1537 1808 1582 1833 ea
1601 1796 1626 1832 il

1228 1850 1262 1888 le
1282 1856 1338 1887 est
1358 1850 1421 1898 qui
1442 1849 1562 1899 diligit
1581 1861 1644 1887 me

1229 1904 1405 1951 diligetur
1424 1915 1447 1940 a
1466 1910 1572 1952 patre
1592 1915 1680 1941 meo

1228 1964 1265 1995 et
1285 1969 1358 2006 ego
1379 1957 1534 2006 diligam
1555 1969 1644 1995 eum

1228 2018 1264 2048 et
1285 2011 1539 2049 manifestabo
1557 2022 1646 2048 eum

1228 2065 1261 2101 ei
1282 2077 1344 2101 me
1365 2065 1491 2113 ipsum

1228 2117 1327 2155 2²Ait
1349 2119 1382 2155 ei
1402 2118 1510 2155 iudas
1529 2130 1609 2156 non
1628 2118 1690 2156 ille

1229 2172 1394 2209 scarioht
1415 2172 1483 2209 sed
1503 2172 1596 2209 alius

1228 2226 1301 2263 dfie
1321 2226 1413 2274 quid
1432 2226 1576 2263 factum

1227 2286 1283 2317 est
1303 2280 1392 2328 quia
1412 2280 1524 2317 nobis
1544 2279 1679 2328 incipis

1228 2334 1469 2370 manifestare
1488 2340 1524 2370 te
1545 2333 1656 2382 ipsu*

1228 2393 1265 2423 et
1286 2399 1364 2423 non
1384 2387 1472 2424 huic
1493 2387 1640 2424 mundo

1228 2440 1481 2489 ⁵³Respondit
1500 2440 1557 2477 ihs
1577 2447 1614 2477 et
1635 2440 1723 2479 dicit

1228 2494 1262 2532 ei
1282 2494 1313 2532 si
1333 2494 1417 2543 quis
1437 2494 1556 2543 diligit
1575 2505 1637 2532 me

1229 2560 1449 2585 sermonem
1469 2559 1601 2585 meum

1229 2602 1394 2639 seruabit
1435 2608 1471 2639 et
1490 2608 1598 2651 pater

1227 2667 1336 2692 meus
1356 2655 1475 2705 diligit
1494 2667 1583 2693 eum

1227 2715 1264 2746 et
1284 2709 1334 2747 ad
1355 2721 1441 2747 eum
1461 2709 1575 2746 uenie

1228 2774 1312 2800 mus
1332 2769 1369 2800 et
1388 2770 1481 2812 aput
1500 2775 1589 2801 eum

1227 2817 1468 2855 mansionem
1486 2816 1580 2855 facie

1228 2882 1314 2907 mus

1228 2923 1340 2970 24Qui
1355 2935 1435 2961 non
1447 2923 1566 2973 diligit
1581 2935 1643 2962 me
1663 2936 1723 2962 ser

1228 2989 1364 3015 mones
1384 2989 1492 3015 meos
1512 2989 1591 3015 non

1763 315 1897 353 Seruat
1969 328 2097 355 sermo

1761 381 1849 407 nem
1870 381 1985 420 quem
2005 369 2160 407 audistis

1760 434 1868 460 meus
1888 435 1968 461 non
1988 430 2044 461 est
2064 423 2132 461 sed
2152 422 2232 460 eius

1760 476 1825 524 qui
1845 488 1906 514 me
1926 477 2027 514 misit
2046 476 2162 526 patris

1759 529 1788 549 ²⁵
1796 529 1905 567 Haec
1924 529 2074 567 locutus
2098 541 2183 567 sum
2202 541 2253 566 uo

1760 582 1818 620 bis
1839 589 1930 631 aput
1949 595 2020 620 uos
2040 595 2201 621 manens

1760 635 1788 657 ²⁶
1796 636 1998 684 paraclitus
2017 643 2144 674 autem
2163 635 2223 673 ille

1761 692 1826 737 sps
1846 695 2000 727 sanctus
2020 701 2135 739 quem
2155 690 2224 726 mit

1760 749 1814 780 tet
1832 749 1940 791 pater
1959 743 1999 779 in
2017 743 2173 780 nomine

1760 807 1849 833 meo
1868 796 1929 833 ille
1948 808 2019 833 uos
2039 796 2192 833 docebit

1760 849 1891 886 omnia
1926 855 1963 886 et
1983 855 2162 898 suggeret

1759 903 1869 940 uobis
1890 904 2019 940 omnia
2038 914 2206 952 quecum

1759 968 1833 1005 que
1853 957 1986 994 dixero

1758 1009 1935 1048 ²⁷Pacem
1949 1022 2075 1047 meam
2082 1009 2255 1060 relinquo

1759 1064 1869 1101 uobis
1889 1076 2026 1113 pacem
2046 1075 2173 1101 meam

1759 1117 1810 1156 do
1829 1118 1940 1155 uobis
1960 1130 2039 1155 non
2059 1128 2205 1166 quomo

1759 1171 1809 1209 do
1829 1171 1889 1209 hic
1909 1171 2075 1208 mundus
2095 1171 2160 1208 dat

1757 1237 1831 1274 ego
1851 1224 1902 1262 do
1921 1226 2032 1263 uobis
2087 1237 2167 1262 non

1758 1279 2006 1317 conturbetur
2025 1290 2092 1316 cor

1758 1339 1929 1369 uestrum
1948 1344 2073 1383 neque
2093 1332 2153 1370 for

1758 1386 1876 1423 midet
2175 1383 2254 1437 [bis

1758 1439 1964 1477 ²⁸Audistis
1984 1439 2074 1488 quia
2093 1439 2170 1476 dixi
2186 1451 2253 1476 uo·

1758 1493 1861 1530 uado
1881 1500 1918 1531 et
1937 1493 2050 1530 uenio
2070 1493 2118 1530 ad
2138 1504 2211 1530 uos

1758 1547 1788 1584 si
1809 1546 2001 1596 diligeritis
2020 1558 2082 1583 me
2102 1558 2179 1595 gau

1757 1740 1898 1779 Deritis
1918 1741 2102 1791 quoniam
2122 1753 2172 1779 ua

1757 1795 1807 1833 do
1828 1795 1877 1833 ad
1896 1802 2043 1846 patrem
2095 1795 2183 1846 quia

1755 1857 1862 1898 pater
1882 1850 2003 1887 maior
2023 1861 2086 1887 me
2105 1856 2163 1887 est

1756 1904 1891 1940 ²⁹nunc
1911 1903 1989 1940 dixi
2009 1903 2190 1952 quoniam

1757 1964 1845 1994 ante
1866 1969 1983 2006 quarn
2003 1957 2067 1994 fiat
2104 1963 2145 1994 ut
2162 1968 2252 1994 cum

1758 2011 1899 2048 sactum
1921 2010 2030 2048 fuerit
2049 2010 2162 2048 creda

1757 2065 1804 2101 tis
1861 2063 1971 2101 ³⁰iam
1991 2076 2070 2102 non
2090 2064 2201 2101 uobis

1757 2118 1875 2156 multa
1894 2118 2028 2167 loquar
2082 2130 2130 2154 ue

1757 2172 1812 2208 nit
1833 2172 1934 2209 enim
1954 2172 2130 2221 princeps
2149 2170 2202 2208 hu

1757 2226 1815 2263 ius
1835 2226 1968 2263 mundi
2005 2233 2041 2263 et
2061 2226 2099 2262 in
2119 2237 2182 2263 me

1756 2291 1836 2317 non
1855 2280 1970 2316 habet
1989 2279 2196 2329 quicquam

1756 2333 1861 2371 8¹sed
1880 2340 1921 2370 ut
1941 2339 2152 2381 cognoscat
2172 2333 2233 2371 hie

1756 2387 1923 2425 mundus
1942 2387 2031 2436 quia
2050 2386 2166 2435 diligo

1755 2448 1903 2491 patrem
1941 2441 2037 2477 sicut
2057 2452 2148 2489 prae

1756 2503 1911 2544 ceptum
1932 2494 2034 2531 dedit
2054 2493 2147 2530 mihi
2166 2506 2216 2544 pa

1756 2555 1813 2587 ter
1832 2549 1886 2585 sic
1907 2548 2005 2586 facio
2025 2548 2166 2596 surgite

1755 2614 1889 2640 eamus
1909 2602 1997 2639 hinc
2076 2599 2143 2653 [tis
2161 2614 2250 2639 uera

1758 2666 1910 2693 xxmn
1925 2655 1980 2694 15¹
1998 2654 2084 2704 Ego
2098 2668 2178 2692 sum
2194 2657 2251 2692 ui-

1756 2717 1793 2747 et
1813 2718 1919 2759 pater
1937 2721 2046 2746 meus
2066 2709 2195 2756 agricu

1755 2763 1792 2800 la
1811 2770 1868 2801 est
1905 2765 2081 2800 ²omnem
2101 2761 2218 2810 palmi

1754 2824 1831 2854 tem
1851 2817 1889 2853 in
1908 2828 1971 2853 me
1992 2827 2071 2852 non
2090 2814 2195 2853 feren

1754 2876 1832 2907 tem
1852 2870 2017 2907 fructum
2036 2868 2133 2905 tollit

1753 2935 1842 2961 eum
1883 2930 1919 2960 et
1939 2934 2096 2960 omnem
2116 2923 2182 2972 qui

1754 2977 1897 3015 adferet
1918 2977 2081 3014 fructum
2100 2989 2171 3026 pur
