2504 3382
139 214 186 252 52

137 291 219 321 Fol.
237 293 312 321 101.

138 333 253 370 Fabri

137 387 222 423 2⁸Et
242 387 292 424 ait
312 387 381 424 illis
401 388 529 435 utique
550 386 632 424 dice

137 441 185 477 tis
205 440 297 476 mihi
317 441 415 477 hanc
437 441 547 477 simili

136 493 309 531 tudinem
329 493 476 530 medice
498 505 546 530 cu

136 559 178 584 ra
197 554 233 583 te
254 547 378 595 ipsum
435 554 578 596 quanta

136 600 350 637 audiuimus
370 599 469 637 facta
489 613 534 638 ca

134 654 348 702 pharnaum
369 653 426 691 fac
448 662 485 690 et
504 654 565 691 hic

135 708 174 743 in
194 708 314 755 patria
333 714 398 744 tua

133 761 230 797 24Αἰῖ
250 768 378 797 autem
398 761 455 798 ihs
475 773 588 798 amen

135 826 250 851 amen
271 815 356 852 dico
375 815 486 852 uobis
507 815 611 863 quod

134 880 251 905 nemo
270 868 458 917 propheta
478 880 522 905 ac

134 928 268 970 ceptus
288 928 344 959 est
364 922 403 958 in
423 922 584 971 patriam

134 987 243 1011 suam

132 1027 213 1064 2⁵In
234 1028 389 1064 ueritate
411 1027 497 1065 dico
517 1028 628 1065 uobis

131 1081 273 1118 multae
293 1081 428 1118 uiduae
448 1080 510 1117 fue

131 1142 216 1171 runt
236 1135 275 1170 in
299 1134 439 1171 strahel
457 1135 496 1171 in
518 1134 577 1172 die

129 1189 202 1225 bus
222 1188 341 1225 heliae
363 1188 516 1237 quando

131 1242 279 1279 clusum
299 1249 355 1278 est
375 1242 522 1279 caelum

130 1296 239 1332 annis
260 1296 379 1332 tribus
399 1303 435 1332 et
455 1307 546 1332 men

131 1350 236 1386 sibus
256 1360 322 1386 sex
379 1361 466 1387 curn
485 1349 544 1387 fac

129 1409 168 1440 ta
188 1409 244 1440 est
264 1402 373 1440 famis
392 1415 535 1451 magna

130 1468 244 1505 super
264 1469 419 1493 ornnem
440 1465 495 1493 ter

129 1522 210 1547 ram
235 1509 306 1546 56θῖ
326 1510 375 1547 ad
394 1511 536 1547 nullam
556 1509 581 1547 il

128 1563 252 1600 larum
271 1564 410 1601 missus
429 1571 486 1601 est

129 1692 262 1731 Helias
281 1694 352 1731 nisi
374 1694 412 1730 in
433 1706 544 1744 sarep

126 1753 165 1784 ta
185 1748 329 1785 sidonie
350 1748 398 1785 ad
417 1748 531 1785 mulie

127 1812 207 1837 rem
228 1801 383 1838 uiduam

127 1854 213 1892 2ἼΕῖ
233 1855 339 1892 multi
359 1855 497 1904 leprosi
517 1863 624 1894 erant

127 1908 166 1945 in
187 1908 321 1946 israhel
342 1910 411 1946 sub
432 1909 505 1946 heli

128 1974 195 1999 seo
216 1963 430 2011 prophetha
467 1970 503 2000 et

128 2028 244 2053 nemo
266 2028 398 2053 eorum
418 2023 512 2053 mu-

128 2070 238 2107 datus
259 2078 314 2106 est
334 2070 405 2107 nisi
424 2076 565 2107 nema-

129 2135 236 2171 syrus

129 2177 211 2213 2ῑἛῖ
231 2176 362 2226 repleti
383 2184 469 2214 sunt
488 2189 623 2216 omnes

126 2231 166 2267 in
186 2242 382 2279 synagoga
402 2232 456 2268 ira
475 2231 569 2269 haec

126 2284 324 2321 audientes
345 2285 415 2321 29θῖ
435 2297 537 2322 surre

126 2345 262 2375 xerunt
283 2345 318 2375 et
338 2339 505 2376 eicerunt

126 2391 232 2428 illurn
252 2399 357 2429 extra
378 2392 490 2429 ciuita

126 2452 204 2481 tem
224 2452 260 2482 et
279 2446 469 2483 duxerunt

125 2498 230 2536 illum
250 2512 370 2549 usque
392 2500 440 2536 ad
461 2512 578 2550 super

127 2552 266 2589 cliuum
287 2554 425 2591 montis
446 2565 490 2591 su

127 2617 195 2654 per
215 2618 328 2655 quem
348 2608 480 2645 ciuitas
500 2608 539 2657 ip

127 2670 256 2696 sorum
276 2668 353 2696 erat
374 2661 486 2698 aedifi

127 2719 214 2750 cata
232 2719 272 2749 ut
293 2715 559 2762 precipitarent

127 2777 216 2802 eum
237 2766 351 2815 3⁰ipse
372 2775 498 2803 autem
519 2781 585 2817 per

127 2820 297 2857 medium
316 2820 466 2858 illorum

127 2881 165 2910 et
184 2874 262 2910 ibat

131 2937 205 2964 ι’ῙῙΙ
220 2927 307 2965 ³¹El
323 2928 500 2965 descende?
517 2929 554 2965 2'72
581 2941 623 2965 ca

371 204 485 242 EUA
492 203 783 242 NGELIUM
802 202 911 242 SEC

668 332 887 370 Pharnaum
907 332 1091 371 ciuitate—⁶

667 387 824 435 galileae
844 387 971 437 ibique
992 387 1043 424 do

668 441 778 477 cebat
797 440 880 477 illos
900 440 1068 478 sabbatis

668 492 697 513 ³²
706 495 908 542 stupebant
928 501 1058 531 autem

668 558 783 596 super
803 547 1016 585 doctrinam

667 601 748 637 eius
769 601 859 650 quia
878 602 916 638 in
935 607 1086 650 potesta

666 659 703 691 te
723 661 803 691 erat
824 667 950 692 sermo
970 655 1052 691 eius

666 708 750 744 s³Et
771 715 850 745 erat
869 708 989 745 homo
1011 709 1050 744 in
1070 721 1163 758 syna

666 773 769 810 goga
788 761 933 799 habens
953 762 1068 801 demo

666 815 773 851 nium
792 815 1019 853 inmundum

666 875 702 904 et
724 869 952 905 exclamauit
971 881 1067 907 uoce

665 933 808 969 magna
827 922 992 960 ³⁴dicens
1012 922 1103 972 quid

663 975 775 1012 nobis
796 982 832 1012 et
852 975 918 1012 tibi
938 977 1002 1013 ihu
1023 988 1122 1014 nazo

663 1039 777 1065 renae
797 1029 934 1065 uenisti
953 1030 1073 1079 perde

663 1093 704 1119 re
727 1094 798 1119 nos
819 1083 916 1128 scito
937 1091 972 1120 te
993 1084 1078 1133 quis

663 1149 704 1174 es
725 1144 765 1173 tu
785 1148 825 1173 es
846 1144 999 1174 sanctus
1019 1137 1058 1173 di

662 1190 746 1228 ³⁵Et
765 1191 975 1239 increpauit
995 1191 1101 1228 illum

663 1244 747 1281 dms
769 1245 897 1282 dicens
918 1245 1036 1281 obmu

662 1306 764 1335 tesce
784 1305 820 1335 et
841 1298 901 1334 exi
923 1299 971 1335 ab
992 1298 1055 1336 illo

661 1359 698 1388 et
718 1364 806 1389 cum
826 1352 1047 1400 proiecisset

661 1405 767 1450 illurn
787 1405 1011 1443 demonium

661 1460 750 1496 exiit
770 1460 818 1496 ab
838 1459 900 1496 illo
921 1459 1087 1509 nihilque

661 1513 767 1550 illum
787 1513 917 1550 nocuit

661 1566 744 1603 86Εῖ
763 1567 886 1604 factus
905 1573 961 1604 est
981 1578 1101 1616 pauor
1120 1566 1158 1603 in

661 1694 854 1733 Omnibus
874 1701 910 1732 et
930 1695 1044 1733 conlo

659 1750 873 1798 quebantur
893 1749 942 1786 ad
961 1749 1113 1786 inuice-

660 1803 828 1840 dicentes
849 1803 953 1851 quod
975 1809 1030 1839 θεῖ
1050 1802 1124 1840 hoe

657 1857 821 1893 uerbum
842 1856 947 1905 quod
968 1856 1006 1893 in
1027 1868 1079 1905 po

657 1916 793 1947 testate
814 1916 850 1946 et
870 1910 1005 1946 uirtute
1026 1911 1066 1946 in

657 1971 765 2013 perat
785 1964 979 2012 spiritibus
998 1964 1133 2001 inmu-

659 2018 716 2055 dis
737 2024 772 2054 et
793 2024 934 2054 exeunt
989 2017 1061 2054 3'‘et
1082 2017 1119 2054 di

657 2071 885 2120 uulgabatur
904 2071 1007 2109 fama
1028 2071 1074 2108 de

657 2125 720 2162 illo
742 2125 779 2161 in
801 2137 958 2162 omnem
977 2126 1095 2163 locu-

657 2179 823 2226 regionis

657 2232 862 2281 88Surgens
882 2238 1009 2269 autem
1029 2231 1076 2269 de
1097 2243 1139 2282 sy

659 2298 812 2335 nagoga
832 2287 998 2323 introiuit
1019 2287 1057 2322 in

659 2340 818 2377 domum
839 2340 996 2377 simonis
1017 2347 1053 2376 et

659 2394 823 2430 andreae

659 2447 800 2484 Socrus
820 2453 947 2483 autern
968 2446 1065 2484 simo

658 2501 717 2538 nis
737 2501 936 2537 tenebatur
954 2512 1046 2549 mag

659 2555 717 2592 nis
737 2555 904 2591 febribus
943 2560 978 2590 et
998 2565 1094 2603 roga

659 2614 799 2645 uerunt
821 2607 926 2645 illum
947 2619 1018 2656 pro
1039 2620 1085 2644 ea

658 2662 727 2699 ³⁹et
749 2669 854 2699 stans
875 2674 988 2709 super
1007 2661 1111 2699 illam

658 2716 857 2765 imperauit
877 2715 970 2752 febri
991 2722 1027 2752 et

659 2770 801 2806 remisit
822 2769 925 2806 illam
945 2776 982 2806 et
1002 2781 1078 2806 con

659 2824 767 2860 tinuo
788 2835 948 2872 surgens
968 2822 1082 2860 minis

659 2877 781 2913 trabat
800 2877 853 2913 eis

658 2929 791 2967 ⁴¹⁰Cum
812 2937 940 2967 autem
960 2928 1016 2967 sol
1037 2929 1119 2967 occi

1642 200 1940 241 LUCANUM
1992 199 2061 253 [lv.
2084 215 2186 239 22—v.
2210 218 2259 239 12.

1231 290 1312 319 1¹01.
1330 290 1413 319 102.

1231 332 1359 369 Disset
1397 341 1532 368 omnes
1553 330 1617 379 qui

1231 385 1423 422 habebant
1444 384 1615 420 infirmos

1230 438 1342 475 uariis
1361 437 1609 487 languoribus

1230 492 1419 528 ducebant
1438 503 1506 528 eos
1526 489 1573 527 ad
1593 489 1686 525 illu-

1230 545 1279 582 ad
1298 545 1357 581 ille
1377 544 1535 593 singulis
1554 555 1692 580 manus

1229 599 1420 647 inponens
1440 597 1596 635 curabat
1615 608 1682 634 eos

1393 661 1415 681 D.

1229 694 1425 731 ⁴1Exiebat
1445 701 1573 731 autem
1595 699 1631 728 et
1651 693 1698 731 de

1229 748 1361 784 monia
1380 747 1548 785 a-multis
1568 749 1625 786 cla

1228 802 1372 837 mantia
1391 808 1427 838 et
1447 802 1611 839 dicentia

1228 861 1268 890 tu
1288 866 1328 891 es
1348 854 1444 891 filius
1464 855 1503 891 di
1524 863 1559 892 et
1579 857 1683 893 incre

1228 919 1324 955 pans
1345 919 1425 944 non
1447 908 1593 945 sinebat
1614 916 1651 945 et

1228 961 1333 1010 loqui
1354 961 1443 1009 quia
1464 963 1634 999 sciebant

1229 1014 1308 1051 ihm
1328 1015 1454 1063 ipsum
1474 1028 1557 1053 esse
1578 1019 1674 1065 xpm

1228 1068 1364 1105 42facta
1385 1075 1512 1106 autem
1534 1069 1593 1107 die
1618 1081 1728 1119 egres

1229 1133 1291 1159 sus
1311 1122 1388 1159 ibat
1407 1123 1446 1159 in
1466 1123 1659 1161 desertum

1227 1175 1355 1212 locum

1227 1229 1277 1266 Et
1296 1230 1407 1267 turbe
1429 1231 1673 1279 requirebant

1228 1294 1317 1319 eum
1337 1289 1374 1320 et
1394 1292 1583 1320 uenerunt

1228 1348 1350 1385 usque
1371 1337 1420 1374 ad
1440 1338 1566 1386 ipsum
1586 1344 1623 1374 et

1229 1390 1449 1427 detinebant
1468 1391 1574 1428 illum

1228 1456 1276 1480 ne
1297 1444 1345 1480 ab
1364 1444 1455 1493 ipsis
1476 1445 1686 1482 diseederet

1228 1497 1256 1517 ⁴³
1264 1497 1415 1543 Quibus
1430 1498 1510 1546 ipse
1526 1499 1576 1535 ait
1589 1499 1677 1547 quia
1691 1504 1728 1536 et

1228 1550 1309 1587 aliis
1329 1552 1543 1588 ciuitatibus
1564 1564 1664 1600 opor

1227 1611 1279 1641 tet
1299 1617 1360 1642 me
1381 1605 1642 1654 euangelizare

1228 1690 1409 1739 Regnum
1429 1690 1468 1728 di
1502 1691 1592 1741 quia

1226 1745 1314 1782 ideo
1333 1746 1472 1783 missus
1493 1757 1579 1782 sum

1225 1799 1298 1836 “et
1319 1806 1398 1836 erat
1419 1799 1618 1848 predicans

1225 1852 1263 1889 in
1285 1853 1489 1902 synagogis
1509 1853 1667 1902 galileae

1230 1916 1323 1942 ΠΙΙΙ
1334 1914 1352 1944 5
1363 1906 1376 1926 ¹
1383 1907 1543 1943 Factum
1551 1911 1725 1944 estaulem

1225 1973 1314 1998 curn
1333 1961 1466 1997 turbae
1487 1961 1594 1998 inrue

1226 2021 1310 2050 rent
1330 2014 1370 2050 in
1393 2026 1482 2051 eum
1502 2021 1543 2051 ut
1563 2027 1612 2051 au

1227 2067 1350 2105 dirent
1370 2069 1532 2104 uerbum
1551 2068 1590 2105 di

1227 2128 1264 2158 et
1284 2122 1365 2170 ipse
1386 2123 1509 2159 stabat
1530 2133 1639 2160 secus

1227 2183 1407 2224 stagnum
1425 2188 1552 2224 genne

1228 2241 1288 2266 sar
1303 2228 1360 2265 2θῖ
1380 2229 1474 2266 uidit
1495 2229 1590 2267 duas
1609 2241 1660 2266 na

1228 2295 1294 2320 ues
1314 2290 1412 2320 stare
1434 2295 1543 2320 secus
1564 2292 1649 2332 stag

1227 2348 1319 2373 num
1339 2338 1546 2385 piscatores
1567 2349 1614 2374 au

1227 2397 1305 2427 tem
1325 2390 1602 2427 descenderant

1228 2451 1265 2481 et
1286 2443 1465 2481 lauabant
1484 2445 1577 2481 retia

1227 2497 1474 2534 ³Ascendens
1498 2504 1626 2535 autem
1646 2498 1686 2535 in

1227 2563 1345 2588 unam
1365 2563 1505 2588 nauem
1526 2563 1600 2600 que

1228 2612 1307 2643 erat
1327 2605 1485 2642 simonis
1505 2617 1601 2653 roga

1227 2660 1280 2696 uit
1300 2671 1390 2696 eum
1410 2666 1450 2695 ut
1471 2658 1625 2696 duceret

1228 2725 1249 2750 a
1269 2720 1368 2750 terra
1389 2712 1585 2762 aliquantu

1226 2767 1306 2804 lum
1327 2774 1363 2803 et
1385 2767 1524 2804 sedens
1547 2766 1598 2804 do

1226 2821 1336 2858 cebat
1356 2820 1403 2857 de
1423 2820 1600 2857 nauicula

1225 2876 1353 2912 turbas

1225 2927 1298 2965 *Ut
1318 2927 1479 2965 cessauit
1498 2933 1626 2964 autem
1647 2925 1683 2963 lo

1763 328 1888 379 Loqui
1909 329 2001 367 dixit
2020 330 2069 367 ad
2088 330 2185 368 simo

1761 395 1852 420 nem
1872 383 1945 421 duc
1966 384 2004 420 in
2024 384 2142 420 altum

1762 443 1799 473 et
1817 436 1942 474 laxate
1962 438 2097 474 retiam
2117 449 2185 475 ues

1761 495 1859 526 tram
1879 491 1918 526 in
1938 498 2135 539 capturam

1762 542 1831 579 ⁵Et
1849 544 2044 591 respondit
2064 545 2191 581 simon

1763 595 1857 632 dixit
1876 596 1928 633 illi
1949 605 2148 646 preceptor

1761 661 1830 697 per
1849 655 1971 686 totam
1990 658 2142 688 noctem

1762 702 1979 739 laborantes
1999 703 2090 740 nihil
2110 716 2153 740 ce

1761 755 1887 804 pimus
1907 756 1975 792 sed
1993 756 2032 792 in
2051 758 2172 794 uerbo

1762 816 1830 846 tuo
1850 809 1988 846 laxabo
2008 810 2143 846 retiam

1763 862 1833 899 6Εῖ
1853 874 1940 900 cum
1961 863 2035 900 hoc
2055 862 2203 900 fecisset

1762 916 2035 954 concluserunt
2054 916 2150 965 pisci

1761 981 1828 1006 um
1847 969 2128 1007 multitudinem

1762 1021 1964 1073 copiosam
2002 1035 2136 1072 rumpe

1761 1077 1900 1114 bantur
1919 1083 2048 1115 autem
2067 1076 2161 1113 retia

1762 1142 1895 1168 eorum
1932 1130 1990 1168 ¹'et
2010 1131 2209 1168 adnueru‘

1763 1184 1876 1222 Sociis
1895 1185 1959 1233 qui
1980 1191 2087 1222 erant
2107 1184 2154 1221 de
2174 1182 2248 1220 alia

1761 1238 1851 1275 naui
1870 1245 1911 1274 ut
1930 1239 2104 1275 uenirent
2124 1244 2161 1274 et

1761 1291 1986 1329 adiuuarent
2005 1304 2072 1329 eos
2092 1298 2129 1329 et

1761 1352 1950 1382 uenerunt
1969 1352 2006 1383 et
2025 1346 2127 1394 inple

1759 1399 1897 1436 berunt
1917 1400 2048 1436 ambas
2068 1399 2159 1436 naui

1760 1452 1865 1490 culas
1885 1453 1935 1490 ita
1954 1458 1995 1489 ut
2019 1465 2149 1502 merge

1760 1512 1891 1542 rentur

1761 1558 1873 1597 8Hoc
1888 1559 1972 1596 uiso
1989 1558 2115 1596 simon
2132 1566 2262 1609 petrus

1760 1688 1930 1726 Procidit
1951 1688 1998 1726 ad
2018 1701 2144 1738 genua
2163 1689 2229 1727 ihu

1760 1742 1892 1780 dicens
1912 1744 1973 1780 exi
1992 1755 2014 1780 a
2034 1755 2096 1780 me
2117 1744 2192 1781 dne

1760 1797 1849 1846 quia
1861 1796 1980 1834 homo
1995 1804 2174 1846 peccator
2186 1804 2262 1834 su*

1761 1850 1924 1900 ⁹Stupor
1943 1851 2047 1887 enim
2067 1851 2233 1888 habebat

1761 1904 1865 1941 illum
1886 1911 1922 1941 et
1942 1916 2078 1941 omnes
2098 1905 2163 1953 qui

1761 1970 1850 1996 cum
1869 1958 1933 1995 illo
1953 1965 2062 1995 erant
2081 1958 2120 1994 in
2140 1960 2214 2007 cap'

1760 2018 1844 2048 tura
1865 2011 2027 2060 piscium
2083 2023 2201 2060 quam

1760 2073 1912 2116 ceperat
1932 2065 2137 2102 10similiter
2156 2077 2205 2102 au

1760 2126 1839 2156 tem
1860 2120 2019 2156 iacobus
2039 2125 2076 2155 et
2096 2119 2214 2156 iohan

1760 2185 1828 2210 nes
1850 2173 1899 2209 fili
1920 2172 2075 2209 zebedei
2095 2173 2160 2221 qui

1760 2233 1867 2263 erant
1888 2226 1979 2264 socii
2000 2226 2160 2263 simonis

1760 2280 1810 2317 Et
1831 2281 1880 2317 ait
1900 2280 1949 2317 ad
1971 2280 2162 2316 simonem
2181 2280 2241 2317 ihs

1761 2334 1839 2371 noli
1858 2334 1989 2370 timere
2009 2346 2057 2370 ex
2077 2333 2151 2370 hoc

1760 2388 1837 2424 iam
1857 2388 1930 2424 eris
1949 2387 2117 2425 hominis
2137 2387 2175 2424 ui

1759 2442 1918 2479 uificans

1760 2495 1842 2531 11Et
1864 2494 2057 2532 subductis
2077 2506 2100 2531 a
2119 2500 2259 2531 terram

1760 2549 1946 2586 nauiculis
1966 2548 2105 2586 relictis
2127 2560 2193 2585 om

1759 2603 1871 2639 nibus
1891 2603 2010 2640 secuti
2030 2608 2117 2639 sunt
2137 2609 2218 2638 eu-

1761 2665 1789 2692 X
1807 2655 2052 2706 12Είβααήτιηι
2073 2659 2126 2692 est
2141 2667 2221 2692 cunt

1761 2717 1862 2747 esset
1882 2711 1921 2746 in
1941 2721 2018 2746 una
2037 2709 2150 2746 ciuita

1759 2765 1854 2801 tium
1875 2770 1911 2799 et
1931 2774 2022 2799 ecce
2041 2762 2098 2798 uir
2119 2761 2181 2810 ple

1759 2829 1832 2854 nus
1852 2817 1955 2865 lepra
1975 2823 2011 2852 et
2030 2815 2112 2863 ipse
2133 2827 2203 2863 pro

1759 2871 1890 2908 cidens
1909 2870 1948 2906 in
1970 2869 2102 2906 faciem
2123 2880 2166 2905 ro

1757 2925 1873 2974 gabat
1893 2935 1982 2960 eum
2001 2922 2131 2960 dicens
