2504 3382
257 212 280 239 1.
305 197 422 252 1-38-]
489 197 533 235 E
535 198 603 236 UA
611 195 806 236 NGELI
807 195 900 235 UM
920 196 995 235 SE
997 196 1030 235 C

259 287 342 316 Fol.
358 287 414 316 91.

259 329 294 366 1l
318 328 497 373 Quoniam
517 327 658 375 quidem

259 383 371 420 multi
385 383 509 418 conati
521 386 609 418 sunt

258 436 433 474 ordinare
451 447 575 472 rerum

258 490 511 527 narrationem
531 501 622 537 quae

258 544 298 580 in
317 543 418 580 nobis
437 544 591 591 conplete

259 603 347 634 sunt
365 596 483 634 ²sicut
503 595 647 634 tradide

259 657 345 688 runt
365 651 476 688 nobis
497 650 561 699 qui
581 651 631 687 ab
650 648 703 686 ini

258 705 312 742 tio
332 704 404 753 ipsi
424 704 600 741 uiderunt
619 710 656 740 et

259 758 420 795 ministri
440 757 591 794 fuerunt

260 812 448 850 sermonis
469 812 479 830 ³
489 811 612 848 uisum
633 817 690 848 est

259 873 296 902 et
317 866 409 901 mihi
429 865 611 902 adsecuto
631 876 654 901 a

260 919 445 968 principio
465 918 594 956 omnia
613 918 652 955 di

259 973 420 1021 ligenter
438 985 485 1009 ex
505 972 640 1009 ordine

260 1027 328 1063 tibi
348 1027 511 1063 scribere
531 1025 677 1074 optime

260 1079 426 1128 theopile
447 1080 507 1115 ⁴ut
528 1090 674 1127 cognos

260 1145 325 1170 cas
344 1144 477 1170 eorum
497 1133 616 1169 uerbo

261 1198 345 1224 rum
367 1186 414 1223 de
434 1185 571 1234 quibus
591 1196 659 1221 eru

259 1240 360 1277 ditus
379 1246 435 1276 est
454 1239 656 1275 ueritatem

259 1303 279 1330 Ι
289 1298 302 1318 ⁵
318 1293 415 1330 Fuit
431 1294 470 1329 in
490 1292 611 1329 diebus
629 1291 715 1328 hero

259 1347 318 1384 dis
338 1347 437 1396 regis
456 1345 590 1383 iudeae
611 1357 653 1383 sa

259 1401 393 1439 cerdos
413 1399 569 1449 quidam
589 1411 642 1437 no

258 1456 362 1491 mine
381 1453 598 1492 zaccharias

260 1509 307 1545 de
327 1510 411 1545 uice
431 1508 519 1544 auia
537 1514 575 1544 et
594 1518 691 1544 uxor

260 1562 313 1599 illi
332 1562 379 1600 de
399 1562 548 1599 filiabus
569 1571 689 1598 aaron

260 1702 318 1741 Et
334 1715 458 1740 nomen
476 1702 566 1739 elisa

261 1757 317 1795 bet
332 1757 460 1793 ⁶erant
475 1760 590 1793 autem

261 1811 363 1848 ambo
383 1811 475 1847 iusti
489 1814 572 1846 ante

260 1865 320 1902 ffm
342 1865 532 1901 incidentes
551 1864 591 1899 in

261 1918 425 1956 omnibus
446 1917 583 1954 manda

260 1973 308 2009 tis
328 1979 365 2008 et
385 1970 641 2008 iustificationi

261 2027 333 2063 bus
353 2025 418 2062 dni
456 2025 538 2062 sine
559 2036 632 2073 que

261 2079 354 2117 rella
389 2078 447 2116 ⁷et
467 2089 547 2116 non
566 2084 647 2115 erat

259 2133 331 2171 illis
350 2133 447 2170 filius
467 2144 514 2169 eo
535 2131 639 2181 quod

261 2194 361 2225 esset
381 2186 562 2224 elisabeht
583 2192 638 2222 ste

261 2241 348 2279 relis
367 2248 405 2277 et
424 2240 540 2277 ambo
559 2250 694 2288 proces

262 2295 400 2332 sierant
421 2294 459 2331 in
479 2293 615 2331 diebus
635 2293 713 2331 suis

262 2348 442 2386 ⁸Faetum
463 2354 519 2384 est
539 2354 667 2384 autem

262 2414 351 2440 cum
371 2401 585 2439 sacerdotio
607 2401 673 2437 su‘·

262 2463 413 2505 geretur
433 2455 623 2492 zaccarias

261 2510 300 2547 in
320 2509 453 2547 ordine
473 2508 565 2546 uicis
585 2520 675 2544 suae

262 2571 350 2601 ante
371 2563 461 2600 dom
481 2562 548 2599 dm
569 2561 707 2599 ⁹secu*

262 2618 355 2655 dum
374 2615 678 2654 consuetudine-

262 2670 449 2709 sacerdoti
471 2677 572 2706 sorte
592 2669 681 2706 exiit

262 2732 303 2762 ut
323 2725 521 2762 incensum
543 2734 644 2772 pone

262 2785 319 2816 ret
338 2785 375 2815 et
393 2777 587 2824 ingressus
607 2777 646 2813 in

261 2831 450 2881 templum
469 2831 534 2868 dni
554 2830 653 2868 ¹⁰om

262 2886 322 2924 nis
341 2885 544 2922 multitudo
565 2896 670 2934 popu

262 2940 287 2978 li
308 2940 443 2978 orabat
462 2939 552 2977 soris
571 2950 640 2977 ora

788 327 941 365 Incensi

788 381 1011 430 11Apparuit
1027 386 1153 417 autem
1169 379 1218 416 illi
1234 391 1283 416 an

789 435 897 484 gelus
917 435 995 472 dini
1015 441 1120 472 stans
1141 446 1162 470 a
1182 434 1256 471 dex

790 489 856 526 tris
876 489 1000 526 altaris
1019 487 1165 525 incensi

789 542 860 579 ¹2et
879 542 1014 579 uidens
1034 541 1205 579 zacchari

789 608 831 634 as
850 596 1022 633 turbatus
1042 602 1099 632 est
1118 602 1155 631 et
1174 595 1202 631 ti

789 662 874 687 mor
893 649 1027 687 cecidit
1048 660 1161 698 super

788 704 895 740 illum

789 757 871 794 ¹³Et
891 756 942 794 ait
962 755 1010 793 ad
1030 755 1135 792 illum
1157 767 1256 804 ange

789 811 847 848 lus
868 810 933 847 dni
953 810 1084 847 dicens
1103 821 1151 846 ne
1171 809 1198 845 ti
1224 846 1226 848 ,

788 877 894 901 meas
914 864 1131 901 zaccharias

788 918 973 967 quoniam
993 930 1082 955 ecce
1102 917 1153 955 ob

789 972 950 1009 secratio
971 978 1036 1008 tua
1056 971 1184 1008 audita

789 1032 846 1062 est
927 1032 963 1062 et
982 1037 1081 1062 uxor
1099 1032 1165 1061 tua
1184 1023 1232 1060 eli

789 1078 923 1116 sabeth
944 1080 1064 1128 pariet
1084 1079 1150 1116 tibi
1171 1078 1195 1114 fi

789 1133 881 1169 lium
901 1141 937 1168 et
957 1132 1115 1169 uocabis
1136 1143 1187 1168 no

790 1198 880 1222 men
900 1185 980 1222 eius
1000 1185 1209 1222 iohannem

789 1239 861 1276 ¹4et
881 1240 948 1275 erit
968 1239 1150 1287 gaudium
1171 1237 1238 1275 tibi

789 1299 826 1330 et
845 1292 1028 1330 exultatio
1048 1300 1085 1328 et
1104 1291 1183 1328 mul

789 1347 815 1383 ti
835 1347 874 1383 in
894 1346 1060 1383 nauitate
1080 1346 1160 1382 eius
1180 1357 1256 1394 gau

789 1401 933 1438 debunt
970 1399 1073 1436 ¹⁵erit
1093 1399 1196 1436 enirn

789 1466 954 1502 magnus
974 1465 1103 1491 coram
1124 1453 1201 1490 dfio

789 1515 826 1545 et
845 1508 977 1545 uinum
998 1514 1034 1543 et
1055 1507 1174 1544 sicera

791 1574 871 1600 non
893 1562 995 1599 bibet
1014 1568 1051 1599 et
1072 1564 1144 1610 spu
1165 1565 1232 1598 sco

792 1702 1017 1752 Replebitur
1037 1701 1161 1740 adhuc

790 1769 838 1795 ex
858 1763 967 1794 utero
986 1756 1117 1793 matris
1137 1767 1228 1793 suae

791 1811 860 1848 ¹⁶et
881 1811 1021 1847 multos
1042 1810 1205 1847 filiorum

791 1864 943 1902 istrahel
964 1870 1161 1901 conuertet

791 1919 840 1956 ad
860 1918 951 1956 dom
971 1917 1037 1955 dm
1059 1918 1230 1966 ipsorum

791 1971 862 2009 ¹⁷et
881 1973 962 2020 ipse
983 1970 1162 2021 precedet
1183 1983 1232 2007 an

790 2032 827 2063 te
847 2026 950 2062 illum
971 2026 1010 2061 in
1031 2028 1102 2073 spu
1123 2031 1160 2061 et
1180 2025 1238 2062 uir

790 2086 869 2117 tute
888 2079 1008 2116 heliae
1028 2086 1157 2116 autem

790 2140 832 2170 ut
852 2139 1050 2171 conuertat
1071 2144 1137 2170 cor

791 2187 840 2225 da
860 2193 1012 2236 patrum
1032 2187 1071 2223 in
1091 2186 1189 2224 filios

791 2247 828 2278 et
848 2240 1077 2278 incredibilis
1097 2239 1146 2277 ad
1166 2251 1239 2289 pru

791 2295 959 2332 dentiam
980 2295 1165 2331 iustorum

791 2360 924 2398 parare
944 2348 1023 2385 dfio
1043 2348 1195 2397 plebem

791 2401 996 2451 perfectam

791 2455 874 2492 ¹8Et
894 2455 987 2492 dixit
1006 2454 1222 2492 zaccharias
1239 2453 1287 2492 ad

792 2509 968 2558 angelum
990 2509 1093 2546 unde
1114 2508 1187 2546 hoc

792 2564 911 2601 sciam
931 2574 1004 2612 ego
1024 2563 1125 2600 enim
1147 2568 1219 2599 su-

792 2629 908 2654 senex
929 2623 965 2653 et
985 2628 1083 2653 uxor
1105 2628 1189 2654 mea

791 2670 974 2719 processit
993 2670 1033 2707 in
1053 2669 1188 2707 diebus

791 2736 868 2761 suis

791 2777 875 2814 ¹⁹Et
895 2776 1089 2826 respondit
1110 2775 1270 2825 angelus

792 2838 828 2869 et
849 2831 940 2868 dixit
960 2831 994 2867 ei
1015 2842 1088 2879 ego
1109 2831 1212 2868 enim

792 2891 880 2923 sunt
900 2885 1058 2934 angelus
1079 2884 1188 2932 grabi

792 2939 826 2977 el
847 2939 913 2988 qui
933 2938 1042 2977 adsto
1062 2938 1155 2976 dom

1757 193 2051 233 LUCANUM
2325 207 2372 243 47

1353 282 1436 312 Pol.
1453 282 1513 312 92.

1351 324 1402 361 Et
1420 325 1557 362 missus
1577 335 1660 361 sum
1682 323 1786 373 loqui

1352 378 1400 415 ad
1421 384 1456 414 te
1477 386 1513 414 et
1534 379 1628 415 haec
1649 378 1713 415 tibi
1735 384 1835 415 eua-

1352 431 1512 479 gelizare
1555 432 1626 468 ²⁰et
1646 444 1735 469 ecce
1756 432 1829 469 eris

1351 492 1482 522 tacens
1502 493 1539 522 et
1559 497 1636 523 non
1657 493 1747 534 pote

1352 540 1401 575 ris
1422 538 1526 587 loqui
1547 551 1665 587 usque
1686 540 1724 575 in
1745 539 1834 576 die-

1351 604 1429 640 quo
1449 592 1544 629 haec
1564 593 1628 629 fiat
1648 599 1805 641 propter

1352 645 1425 683 hoc
1445 657 1526 682 non
1547 646 1696 683 credisti
1716 658 1783 682 uer

1351 700 1409 736 bis
1429 700 1523 736 meis
1543 711 1618 749 que
1637 699 1822 748 inplebun

1353 760 1412 789 tur
1432 753 1471 789 in
1490 760 1664 802 tempore
1686 765 1757 790 suo

1353 807 1435 844 2¹Et
1462 813 1542 844 erat
1572 807 1680 857 plebs
1709 818 1849 856 expec-

1745 858 1849 912 [tans

1354 913 1590 952 zacchariam
1611 921 1647 951 et
1667 914 1720 950 mi

1354 970 1535 1005 rabantur
1555 968 1660 1017 quod
1680 975 1737 1004 tar

1354 1022 1460 1059 daret
1479 1023 1560 1071 ipse
1581 1023 1618 1059 in
1638 1022 1784 1071 templo

1354 1075 1576 1125 ²²Egressus
1595 1084 1721 1113 autern
1742 1076 1803 1112 ille

1355 1141 1434 1166 non
1455 1137 1604 1178 poterat
1624 1130 1726 1178 loqui
1746 1130 1795 1166 ad

1354 1184 1436 1221 illos
1457 1191 1493 1219 et
1514 1190 1779 1232 cognouerunt

1354 1237 1459 1286 quod
1480 1237 1626 1274 uisione
1646 1237 1742 1274 uidis

1356 1299 1412 1328 set
1432 1291 1471 1327 in
1491 1290 1636 1339 templo
1657 1297 1693 1327 et
1714 1291 1796 1339 ipse

1355 1352 1435 1381 erat
1456 1356 1601 1382 annues
1622 1345 1690 1381 illis
1711 1352 1748 1381 et

1356 1398 1565 1445 permansit
1585 1405 1712 1435 mutus

1355 1451 1439 1488 ²³Et
1459 1452 1601 1489 factum
1622 1459 1679 1488 est
1694 1458 1735 1488 ut
1751 1450 1851 1500 inple

1355 1506 1382 1542 ti
1402 1513 1489 1543 sunt
1509 1505 1589 1543 dies
1610 1506 1659 1542 illi
1680 1505 1792 1542 officii

1355 1560 1444 1596 abiit
1463 1560 1501 1596 in
1522 1559 1682 1597 domurn
1704 1564 1800 1596 sua-

1355 1613 1681 1651 ²4Poshosautem
1690 1613 1853 1650 diesco‘

1356 1699 1468 1748 Cepit
1487 1699 1671 1737 elisabeht

1354 1766 1451 1790 uxor
1470 1753 1551 1790 eius
1571 1760 1608 1790 et
1628 1752 1738 1790 occul

1354 1809 1461 1844 tabat
1481 1819 1520 1844 se
1541 1807 1736 1844 mensibus

1354 1861 1524 1910 quinque
1545 1860 1675 1897 dicens
1695 1860 1723 1880 ²⁵
1732 1860 1824 1909 quid

1355 1915 1448 1952 mihi
1468 1915 1520 1952 sic
1541 1914 1628 1952 fecit
1648 1914 1734 1951 dms

1355 1969 1393 2006 in
1415 1969 1548 2006 diebus
1569 1968 1706 2018 quibus
1724 1979 1785 2005 res

1355 2023 1459 2071 pexit
1479 2022 1624 2059 auferre
1646 2022 1770 2071 obpro

1355 2077 1481 2114 brium
1500 2088 1630 2113 meum
1650 2076 1689 2112 in

1355 2136 1412 2166 ter
1430 2129 1596 2167 hominis

1354 2184 1540 2220 26Eodem
1560 2190 1689 2220 autem
1708 2189 1786 2219 tem

1355 2250 1448 2287 pore
1467 2237 1607 2275 missus
1627 2243 1683 2274 est
1704 2248 1753 2274 an

1355 2292 1462 2340 gelus
1482 2291 1624 2340 grabiel
1645 2303 1668 2327 a
1687 2290 1765 2327 dr‘io

1354 2346 1394 2382 in
1414 2346 1608 2383 ciuitatem
1628 2345 1740 2393 galile

1355 2412 1398 2437 ae
1420 2400 1480 2436 cui
1500 2411 1645 2436 nomen
1666 2410 1761 2435 naza

1355 2460 1411 2490 ret
1429 2452 1514 2490 ²⁷ad
1532 2452 1721 2500 uirginem

1355 2507 1624 2556 desponsatam
1643 2506 1726 2542 uiro

1354 2561 1413 2598 cui
1435 2572 1579 2597 nornen
1598 2566 1677 2597 erat
1697 2560 1735 2596 io

1355 2614 1451 2663 seph
1506 2613 1553 2651 de
1574 2613 1694 2650 domo
1713 2613 1762 2650 da

1355 2668 1419 2704 uid
1475 2674 1512 2704 et
1532 2678 1675 2704 nomen
1695 2667 1753 2703 uir

1355 2722 1453 2769 ginis
1473 2721 1593 2758 maria

1354 2774 1439 2811 ²⁸Et
1459 2775 1649 2823 ingressus
1670 2772 1718 2810 ad
1738 2778 1812 2811 ea*

1355 2829 1513 2878 angelus
1533 2827 1728 2865 benedixit

1355 2894 1441 2919 eam
1497 2888 1534 2918 et
1554 2881 1646 2918 dixit
1666 2880 1717 2918 illi

1356 2936 1455 2974 habe
1475 2935 1635 2985 gratiam
1657 2934 1719 2983 ple

1882 323 1944 361 Na
1964 323 2049 361 dms
2069 331 2196 361 tecum
2217 325 2265 361 be

1883 377 2034 415 nedicta
2053 385 2094 415 tu
2113 378 2207 415 inter
2226 389 2292 414 mu

1881 432 1990 469 lieres

1881 485 2006 533 ²⁹Ipsa
2025 493 2154 522 autem
2174 491 2214 522 ut
2235 484 2326 522 uidit

1881 551 1971 575 eum
1991 546 2096 576 mota
2116 546 2172 576 est
2191 539 2230 575 in

1882 593 2035 629 introitu
2055 593 2136 629 eius
2155 599 2192 629 et
2212 598 2292 629 erat

1881 647 2054 695 cogitans
2075 646 2181 695 quod
2202 647 2254 683 sic

1883 700 2137 736 benedixisset
2158 712 2242 736 earn

1883 753 1969 789 ³⁰Et
1989 754 2039 789 ait
2059 753 2093 789 ei
2113 753 2270 801 angelus
2291 751 2356 789 dni

1884 819 1933 843 ne
1954 807 2088 843 timeas
2108 807 2226 843 maria

1884 860 2060 897 inuenisti
2080 861 2241 908 gratiam

1884 922 1975 963 aput
1995 913 2063 951 dm
2101 913 2171 950 ³¹et
2191 925 2282 950 ecce

1885 967 2079 1016 concipies
2099 967 2138 1003 in
2158 974 2267 1004 utero

1885 1028 1921 1058 et
1942 1022 2065 1070 paries
2085 1021 2203 1058 filium
2223 1026 2260 1057 et

1884 1075 2042 1112 uocabis
2061 1086 2204 1111 nomen
2224 1074 2307 1111 eius

1885 1129 1964 1166 ihm
2002 1128 2097 1166 3²hic
2119 1128 2186 1164 erit
2207 1140 2298 1177 mag

1886 1194 1958 1219 nus
1978 1189 2015 1219 et
2036 1183 2133 1219 filius
2154 1181 2267 1218 altissi

1886 1237 1939 1272 mi
1959 1236 2156 1273 uocabitur
2211 1242 2248 1271 et

1887 1290 1993 1326 dabit
2014 1289 2064 1325 illi
2085 1289 2169 1325 dms
2189 1288 2235 1325 ds
2256 1300 2296 1325 se

1888 1343 1976 1380 dem
1997 1343 2113 1379 dauid
2134 1342 2249 1391 patris

1888 1397 1969 1434 eius
1989 1396 2060 1433 33et
2081 1396 2253 1444 regnauit
2273 1396 2312 1432 in

1888 1450 2048 1487 domum
2068 1450 2179 1487 iacob
2199 1450 2238 1486 in

1888 1511 2063 1541 eternum
2082 1511 2119 1541 et
2138 1516 2207 1551 reg

1889 1558 1928 1594 ni
1947 1559 2028 1595 eius
2048 1570 2127 1596 non
2147 1559 2215 1594 erit
2236 1557 2260 1593 fi

1888 1697 1959 1735 Nis

1886 1751 1915 1772 ³⁴¹
1923 1751 2029 1789 Dixit
2048 1758 2177 1788 autem
2196 1749 2316 1788 maria
2335 1749 2384 1787 ad

1887 1806 2067 1854 angelum
2087 1816 2233 1854 quomo

1886 1859 1938 1896 do
1959 1859 2022 1896 fiet
2042 1858 2142 1895 istud
2161 1870 2236 1907 ego
2256 1857 2347 1894 eni*

1887 1913 2017 1950 nescio
2036 1913 2161 1949 uirum

1887 1967 1972 2003 ³⁵Et
1992 1965 2190 2015 respondit
2210 1965 2370 2014 angelus

1887 2028 1924 2057 et
1945 2021 2038 2057 dixit
2059 2021 2093 2056 ei
2114 2023 2178 2068 sps
2200 2024 2260 2057 scs
2279 2031 2327 2056 ue

1888 2077 1965 2111 niet
1985 2086 2098 2122 super
2118 2082 2154 2110 te
2175 2080 2211 2110 et
2232 2074 2289 2110 uir

1886 2135 1946 2164 tus
1967 2127 2136 2165 altissimi
2157 2128 2276 2164 obum

1887 2182 2012 2219 brabit
2031 2193 2093 2218 me
2114 2181 2278 2231 ideoque

1887 2235 1993 2285 quod
2013 2241 2190 2272 nascetur
2210 2239 2292 2272 scm

1887 2289 2088 2327 uocabitur
2108 2289 2203 2325 filius
2223 2288 2262 2325 di

1886 2343 1972 2380 36Et
1991 2355 2081 2380 ecce
2105 2341 2288 2379 elisabeth
2311 2353 2386 2392 cog

1886 2404 1976 2434 nata
1996 2404 2060 2433 tua
2080 2403 2116 2432 et
2136 2397 2217 2445 ipsa
2237 2408 2313 2433 con

1887 2451 1988 2499 cepit
2007 2451 2046 2486 in
2067 2456 2291 2486 senectute-

1887 2516 1955 2542 sua
1974 2504 2095 2540 filium
2114 2510 2151 2540 et
2171 2503 2231 2540 hic
2252 2508 2344 2539 me-

1886 2559 1936 2595 sis
1957 2565 2013 2594 est
2033 2564 2162 2594 xestus
2182 2564 2237 2594 est
2257 2556 2329 2594 illis

1885 2623 1959 2661 que
1979 2611 2190 2648 uocabatur
2211 2617 2267 2648 ste

2289 2673 2322 2694 ln

1885 2707 1971 2744 relis
1991 2706 2116 2756 ³⁷quia
2134 2718 2214 2744 non
2235 2715 2291 2744 est
2311 2719 2384 2757 pos

1885 2761 1991 2799 sibile
2013 2760 2064 2799 do
2085 2773 2200 2798 omne
2220 2773 2288 2798 uer

1885 2816 1979 2852 bum

1885 2868 2026 2906 3‘³Dixit
2048 2874 2177 2905 autem
2201 2868 2320 2906 maria
2341 2880 2383 2905 ec

1886 2935 1929 2961 ce
1950 2922 2087 2960 ancilla
2106 2921 2171 2959 dfii
2191 2934 2267 2960 con

1886 2978 2008 3027 tingat
2028 2976 2119 3013 mihi
2140 2988 2258 3015 secun

2228 3042 2276 3067 xv
