2504 3382
140 208 191 243 32

137 282 218 312 1²01.
237 282 297 312 62.

139 324 301 363 Potestis
321 323 450 360 audire
465 329 587 360 meu-

138 389 358 415 sermonem

137 431 250 469 “Uos
257 444 303 468 ex
317 438 422 479 patre
429 429 581 467 diabolo
590 440 631 465 es

138 486 185 522 tis
205 493 241 522 et
262 484 445 521 desideria
467 483 583 531 patris

137 539 272 575 uestris
292 538 403 573 uultis
423 536 546 573 facere

138 592 200 628 ille
222 590 412 628 homicida
433 596 512 627 erat
532 590 581 626 ab
600 588 612 625 i

137 645 230 682 nitio
249 652 286 682 et
304 645 343 681 in
363 644 520 680 ueritate
540 650 624 679 no-

137 699 238 736 stetit
369 697 458 746 quia
476 709 555 734 non
574 703 631 734 est

136 752 275 789 ueritas
295 751 334 788 in
354 763 442 788 eum
463 762 551 787 cum

136 805 303 855 loquitur
321 804 559 841 mendaciu’*

136 871 184 896 ex
204 859 280 896 suis
300 859 443 908 propiis
463 856 570 906 loqui

137 919 197 950 tur
306 912 396 961 quia
415 911 582 947 mendax

137 978 180 1003 es
307 966 403 1002 sicut
423 971 529 1013 pater
549 963 629 1000 eius

137 1020 166 1040 ⁴⁵
178 1031 252 1067 ego
272 1019 361 1068 quia
379 1018 580 1054 ueritatem

138 1073 226 1110 dico
246 1084 324 1109 non
345 1071 494 1109 creditis

136 1126 229 1163 mihi
391 1125 417 1145 4⁶
432 1124 516 1173 quis
524 1135 569 1160 ex
579 1135 629 1160 uo

136 1180 195 1217 bis
215 1184 347 1228 arguet
366 1190 428 1215 me
449 1177 496 1214 de
515 1189 586 1226 pec

137 1240 222 1270 cato
389 1232 420 1268 si
432 1232 629 1268 ueritatem

138 1287 226 1324 dico
362 1297 480 1334 quare
501 1296 571 1321 uos

137 1352 218 1377 non
237 1338 398 1376 credetis
416 1337 510 1375 mihi

136 1395 165 1414 ⁴⁷
174 1393 251 1439 Qui
266 1405 314 1430 ex
330 1392 382 1430 do
395 1399 450 1429 est
462 1392 578 1428 uerba
591 1389 630 1427 di

137 1447 242 1485 audit
405 1453 607 1495 propterea

138 1513 210 1538 uos
230 1512 293 1537 me
313 1512 392 1537 non
412 1499 549 1536 auditis

139 1555 228 1604 quia
248 1566 327 1591 non
347 1554 436 1590 estis
456 1565 503 1590 ex
524 1551 577 1590 do

136 1639 166 1662 ⁴⁸
182 1639 478 1688 Responderunt
499 1639 537 1676 iu

137 1694 220 1732 daei
241 1702 277 1731 et
297 1693 473 1730 dixerunt
492 1693 526 1730 ei

138 1760 268 1785 nonne
289 1748 387 1785 bene
407 1746 569 1784 dicimus

138 1813 209 1838 nos
229 1801 318 1850 quia
338 1800 517 1838 sammari

137 1862 249 1892 tanus
269 1862 325 1892 est
343 1862 383 1891 tu
403 1861 438 1892 et
457 1854 573 1891 demo

139 1910 245 1946 nium
266 1909 383 1945 habes

138 1963 167 1983 ⁴⁹
184 1962 397 2011 Respondit
418 1960 477 1998 ihs
493 1972 565 2009 ego
585 1960 631 1998 de

138 2017 312 2053 monium
332 2027 409 2051 non
430 2014 554 2052 habeo

141 2070 208 2107 sed
226 2068 438 2106 honorifico
462 2080 511 2116 pa

140 2129 238 2160 trem
258 2134 389 2159 meum
409 2129 445 2159 et
465 2133 535 2159 uos

141 2176 379 2213 inhonoratis
399 2187 461 2212 me

141 2230 170 2251 ⁵⁰
182 2230 269 2278 Ego
291 2237 419 2266 autem
439 2239 518 2265 non
538 2240 613 2278 que

140 2295 184 2321 ro
206 2283 372 2321 claritate
392 2294 520 2318 meam

142 2344 199 2374 est
254 2337 318 2386 qui
339 2343 471 2386 querat
492 2342 528 2372 et
548 2335 587 2372 iu

143 2391 241 2428 dicet

142 2444 297 2480 ⁵¹Amen
317 2455 430 2480 amen
451 2443 537 2480 dico
556 2454 608 2480 uo

142 2498 201 2535 bis
220 2500 250 2534 si
269 2497 354 2546 quis
375 2503 578 2533 sermone-

143 2563 272 2588 meum
293 2551 499 2588 seruauerit

145 2617 223 2642 non
246 2605 391 2640 uidebit
413 2610 561 2641 morte-

145 2658 184 2694 in
204 2664 400 2693 aeternum

145 2709 175 2731 ⁶²
188 2710 377 2747 Dixerunt
396 2722 486 2759 ergo
506 2710 540 2747 ei
560 2711 597 2747 iu

147 2764 208 2801 dei
455 2776 556 2801 nunc

146 2816 400 2865 cognouimus
420 2817 509 2864 quia

147 2869 369 2909 demonium
388 2869 507 2906 habes

374 192 418 230 E
421 192 488 231 UA
495 190 546 230 N
545 190 691 230 GELI
692 190 786 229 UM
815 190 925 230 SEC

665 321 863 359 Abraham
884 326 1058 357 mortuus

665 381 722 412 est
742 383 777 411 et
797 374 977 422 prophete
999 381 1035 411 et
1054 381 1095 411 tu

666 428 757 465 dicis
778 428 808 464 si
828 428 914 476 quis
933 439 1060 465 sermo

666 493 757 518 nem
776 493 906 518 meum
927 481 1038 518 serba

666 535 761 572 berit
781 547 861 572 non
879 534 1046 584 gustabit

664 596 830 626 mortem

664 642 692 663 ⁶³
710 642 897 691 Numquit
916 648 956 678 tu
975 641 1097 678 maior

664 708 705 733 es
787 708 903 745 quam
924 694 1108 732 abraham

665 749 730 799 qui
754 757 925 787 mortuus
946 756 1001 785 est
1083 753 1120 784 et

664 803 872 853 prophetae
893 801 1032 839 mortui

664 863 753 894 sunt
834 867 950 905 quem
969 861 1005 892 te
1025 855 1138 904 ipsu-

662 910 753 946 facis

662 964 690 984 ⁶⁴
707 962 920 1010 Respondit
940 961 996 998 ihs
1017 960 1047 998 si
1067 972 1139 1009 ego

663 1016 921 1054 clarificauero
941 1026 1003 1051 me

663 1070 790 1118 ipsum
810 1069 958 1106 claritas
979 1080 1066 1105 mea

663 1123 756 1160 nihil
775 1130 830 1159 est
937 1129 994 1159 est
1014 1129 1121 1171 pater

663 1189 772 1214 meus
793 1176 856 1225 qui
880 1175 996 1213 clarifi

664 1239 723 1268 cat
743 1242 804 1267 me
887 1241 1003 1278 quern
1021 1240 1093 1266 uos

664 1284 786 1322 dicitis
807 1283 897 1332 quia
917 1283 963 1320 ds
983 1290 1106 1319 uester

663 1346 720 1375 est
803 1338 832 1358 ⁵⁵
845 1344 881 1374 et
901 1348 981 1374 non
1001 1348 1127 1384 cogno

664 1392 771 1429 uistis
791 1403 879 1428 eum
988 1402 1061 1438 ego
1081 1401 1131 1427 au

664 1453 742 1483 tem
763 1443 930 1493 cognoui
951 1455 1040 1481 eum

665 1511 730 1536 ero
751 1499 880 1535 similis
899 1498 1010 1534 uobis
1029 1502 1124 1534 me-

665 1552 740 1590 dax
761 1552 827 1590 sed
847 1552 925 1589 scio
945 1562 1033 1588 eum

667 1640 718 1677 Et
738 1650 954 1676 sermonem
974 1638 1053 1674 eius

666 1705 777 1730 seruo
887 1692 914 1712 '⁵⁶
923 1691 1105 1729 abraham

666 1754 774 1795 pater
793 1752 917 1783 uester
935 1745 1062 1782 exulta

666 1801 720 1838 uit
740 1806 780 1837 ut
799 1800 943 1836 uideret
964 1799 1064 1835 diem

666 1866 797 1890 meum
817 1860 854 1890 et
875 1853 968 1890 uidit
988 1859 1024 1890 et
1044 1864 1093 1900 ga

666 1908 771 1944 uisus
791 1915 867 1944 est-

666 1961 694 1983 51
708 1961 896 1998 Dixerunt
917 1971 1008 2008 ergo
1024 1958 1147 1995 iudaei

667 2015 714 2052 ad
735 2027 822 2052 eum
843 2013 1079 2063 quinquagin

666 2076 705 2106 ta
725 2080 847 2105 annos
867 2067 1042 2104 nondum

666 2122 786 2159 habes
806 2130 843 2159 et
863 2121 1044 2159 abraham
1065 2119 1103 2156 ui

668 2176 753 2213 disti
1027 2171 1163 2226 [ame-

668 2230 695 2250 58
711 2229 816 2266 Dixit
859 2229 913 2266 eis
956 2228 1013 2265 ihs
1048 2239 1162 2264 amen

669 2283 756 2320 dico
780 2284 891 2320 uobis
911 2289 998 2319 ante
1019 2281 1111 2318 abra

669 2337 759 2373 ham
780 2349 853 2384 ego
873 2349 959 2373 sum

669 2391 697 2411 ⁵⁹
711 2390 897 2427 Tulerunt
913 2402 1005 2438 ergo
1017 2391 1163 2440 lapides

669 2451 711 2481 ut
731 2445 913 2481 iactarent
931 2444 970 2480 in
991 2445 1095 2481 illum

671 2498 730 2535 ihs
751 2506 879 2555 autem
899 2498 1099 2535 abscondit

836 2560 846 2580 1

672 2606 711 2632 se
732 2601 768 2631 et
789 2594 865 2630 exit
886 2593 932 2631 de
953 2594 1097 2643 templo

673 2657 778 2683 XLIII
793 2654 810 2683 9
823 2647 834 2666 ¹
848 2649 908 2685 Et
921 2650 1118 2696 preteriens

672 2701 868 2738 hominem
881 2714 1039 2739 caecum
1055 2699 1168 2753 [uidit

672 2767 694 2791 a
713 2763 909 2792 natlultate

671 2809 685 2829 ²
700 2808 749 2845 Et
770 2809 1100 2857 interrogauerunt

672 2873 759 2898 eum
780 2862 952 2911 discipuli
968 2863 1047 2900 eius

672 2915 841 2952 dicentes
861 2917 968 2953 rabbi
1015 2917 1100 2965 quis

1550 188 1890 228 IOHANNEM
1938 187 2035 243 [vm.
2057 203 2179 237 43—1x.
2202 205 2255 228 21,

1229 278 1309 308 1¹01.
1328 280 1385 309 63.

1228 321 1406 359 Peccauit
1425 319 1486 358 hic
1506 327 1571 357 aut
1590 333 1639 369 pa

1229 382 1353 411 rentes
1371 375 1452 411 eius
1471 380 1513 411 ut
1533 386 1645 411 cecus

1230 436 1448 465 nasceretur

1227 481 1240 501 ³
1259 481 1472 530 Respondit
1491 480 1548 517 ihs
1567 492 1692 529 neque

1230 534 1289 571 hic
1309 534 1479 583 peccauit
1499 546 1624 582 neque

1229 596 1406 636 parentes
1426 588 1507 624 eius
1528 587 1595 624 sed
1614 593 1657 624 ut

1229 641 1489 679 manifestetur
1509 652 1629 689 opera

1228 695 1267 731 di
1449 695 1487 731 in
1507 694 1571 731 illo
1590 695 1603 714 4
1616 705 1679 730 me
1699 705 1723 730 ο

1228 754 1351 796 portet
1371 749 1521 797 operari
1541 759 1615 795 ope

1226 814 1266 838 ra
1286 802 1367 838 eius
1456 802 1520 850 qui
1540 813 1603 838 me
1623 800 1724 837 misit

1228 854 1319 891 dum
1341 855 1420 891 dies
1441 862 1497 891 est
1606 854 1711 890 uenit

1228 921 1305 945 nox
1327 908 1484 957 quando
1504 919 1584 944 non
1604 919 1656 956 po

1228 968 1300 998 test
1320 962 1468 1010 operari
1577 961 1590 980 ⁵
1606 972 1694 998 cum

1227 1016 1264 1051 in
1287 1015 1359 1052 hoc
1379 1015 1527 1052 mundo
1549 1026 1634 1051 sum

1228 1069 1291 1106 lux
1313 1081 1397 1106 sum
1417 1069 1527 1106 huius
1546 1080 1642 1105 mun

1228 1123 1264 1160 di

1227 1177 1240 1196 ⁶
1254 1176 1363 1213 Haec
1384 1188 1472 1213 cum
1493 1175 1649 1212 dixisset
1674 1188 1722 1213 ex

1228 1231 1306 1279 puit
1326 1230 1365 1266 in
1386 1237 1523 1267 terram
1544 1236 1581 1266 et
1601 1228 1636 1266 fe

1229 1284 1277 1321 cit
1299 1283 1420 1320 lutum
1442 1295 1489 1320 ex
1510 1291 1623 1331 sputo

1229 1345 1264 1374 et
1285 1337 1501 1386 superunsit
1521 1349 1609 1373 eum

1229 1391 1309 1428 luto
1329 1403 1443 1439 super
1463 1390 1596 1427 oculus

1229 1445 1309 1481 eius
1363 1445 1376 1464 ⁷
1390 1451 1425 1481 et
1446 1444 1537 1481 dixit
1553 1444 1587 1481 ei
1603 1443 1722 1480 uadae

1228 1498 1313 1535 laua
1333 1498 1372 1534 in
1393 1498 1578 1534 natatoria

1229 1552 1343 1589 siluae
1365 1551 1468 1601 quod
1488 1551 1632 1599 interpe

1230 1638 1370 1675 Tratur
1389 1638 1528 1674 missus

1228 1691 1278 1728 Et
1298 1692 1387 1728 abiit
1408 1699 1444 1728 et
1464 1691 1556 1728 lauit
1573 1697 1609 1728 et
1629 1702 1677 1728 ue

1229 1746 1283 1782 nit
1303 1745 1439 1782 uidens

1227 1799 1240 1820 ⁸
1254 1799 1380 1836 Uicini
1400 1811 1493 1847 ergo
1512 1798 1593 1836 eius

1229 1862 1417 1890 nouerant
1437 1864 1526 1889 eum
1547 1853 1602 1901 pri

1229 1919 1274 1944 us
1295 1919 1410 1956 quam
1430 1907 1631 1944 mendicus

1229 1968 1308 1997 erat
1471 1960 1648 1997 dicebant

1229 2026 1358 2052 nonne
1377 2013 1437 2050 hic
1458 2021 1514 2051 est
1535 2014 1598 2063 qui

1230 2067 1386 2105 sedebat
1406 2075 1442 2105 et
1462 2068 1590 2104 mendi

1231 2122 1342 2159 cabat
1505 2122 1565 2159 alii
1585 2121 1666 2158 dice

1229 2176 1323 2212 bant
1343 2175 1404 2212 hic
1426 2182 1482 2212 est
1591 2176 1604 2195 ⁹
1618 2175 1679 2212 alii

1231 2237 1359 2266 autem
1380 2229 1560 2266 dicebant

1231 2283 1318 2331 quia
1339 2282 1468 2320 similis
1489 2290 1545 2320 est
1565 2283 1598 2320 ei

1231 2335 1300 2373 Ille
1321 2344 1449 2373 autem
1466 2337 1617 2374 dicebat

1231 2402 1304 2438 ego
1320 2402 1405 2426 sum

1230 2443 1258 2463 ¹⁰
1271 2443 1461 2480 Dicebant
1481 2455 1575 2492 ergo
1594 2443 1628 2480 ei
1649 2455 1726 2493 quo

1232 2497 1349 2534 modo
1369 2509 1463 2545 ergo
1484 2498 1604 2545 aperti

1659 1798 1724 1849 qui

1232 2558 1317 2588 sunt
1337 2551 1403 2587 tibi
1424 2551 1523 2587 oculi

1230 2604 1256 2624 ¹¹
1272 2604 1487 2653 Respondit
1507 2604 1566 2641 ille
1587 2604 1706 2643 homo

1232 2659 1297 2707 qui
1317 2658 1449 2695 dicitur
1467 2659 1524 2695 ins
1545 2659 1583 2695 lu

1233 2721 1313 2749 tum
1335 2712 1423 2749 fecit
1442 2720 1478 2749 et
1498 2713 1605 2750 unxit

1234 2778 1294 2803 me
1316 2774 1351 2803 et
1373 2766 1464 2803 dixit
1484 2766 1575 2802 mihi
1595 2778 1644 2804 ua

1235 2819 1281 2856 de
1303 2819 1341 2855 in
1361 2820 1483 2856 solam
1505 2828 1541 2857 et
1560 2820 1647 2857 laua

1235 2873 1368 2911 oculus
1393 2880 1477 2911 tuos
1497 2881 1533 2911 et
1553 2874 1628 2911 abii

1758 320 1807 357 Et
1827 321 1901 358 laui
1922 329 1959 359 et
1982 321 2059 358 uidi

1758 373 1785 394 ¹²
1798 374 1986 412 Dixerunt
2005 387 2099 423 ergo
2119 374 2153 412 ei
2173 374 2238 412 ubi

1759 434 1816 464 est
1836 429 1895 465 ille
1916 429 2003 466 dicit
2023 429 2154 466 nescio

1758 480 1997 519 13Adducunt
2009 494 2098 519 eum
2111 482 2159 519 ad
2176 480 2253 530 pha

1758 535 1877 572 riseos
1897 536 1960 584 qui
1980 547 2116 572 caecus
2137 535 2176 571 fu

1759 594 1838 624 erat
1974 588 2002 609 ¹⁴
2013 596 2093 626 erat
2112 595 2241 626 autem

1759 641 1960 677 sabbatum
1981 642 2019 678 in
2040 653 2116 690 qua
2137 642 2197 678 die

1758 693 1878 730 lutum
1899 694 1985 731 fecit
2005 695 2062 731 ins
2083 702 2120 732 et
2139 706 2211 744 ape

1758 748 1831 783 ruit
1853 748 1987 784 oculus
2006 749 2087 785 eius

1756 800 1784 821 ²⁵
1801 801 1945 837 Iterum
1965 813 2058 849 ergo
2078 802 2220 838 interro

1757 855 1902 902 gabant
1922 866 2011 891 eum
2031 854 2194 903 pharisei

1757 908 1956 956 quomodo
1976 908 2102 945 uidisti

1758 961 1827 998 Ille
1849 970 1978 999 autem
1999 961 2092 998 dixit
2112 961 2166 998 eis
2186 960 2226 998 lu

1757 1022 1839 1052 tum
1858 1016 1986 1064 posuit
2007 1015 2099 1052 mihi
2121 1027 2166 1052 su

1758 1081 1826 1118 per
1845 1069 1979 1106 oculus
1998 1077 2035 1106 et
2054 1069 2129 1106 laui
2153 1075 2190 1106 et

1757 1135 1849 1160 ecce
1870 1123 1982 1161 uideo

1757 1176 1783 1196 ¹⁶
1796 1176 1985 1213 Dicebant
1999 1188 2093 1225 ergo
2109 1188 2156 1213 ex
2175 1175 2253 1225 pha

1757 1230 1862 1267 riseis
1883 1230 2039 1280 quidam
2061 1242 2139 1267 non

1757 1291 1814 1321 est
1833 1283 1894 1321 hic
1915 1296 1937 1320 a
1957 1283 2008 1321 do
2025 1284 2144 1320 homo

1758 1338 1822 1386 qui
1843 1338 2044 1374 sabbatum
2065 1349 2143 1374 non

1758 1392 1921 1428 custodit
2058 1391 2119 1428 alii
2139 1390 2177 1428 di

1759 1445 1897 1482 cebant
1918 1444 2118 1493 quomodo

1757 1505 1884 1546 potest
1905 1498 2023 1535 homo
2044 1509 2164 1546 pecca

1758 1559 1818 1589 tor
1838 1551 1910 1588 hoc
1930 1551 2055 1588 facere
2074 1552 2133 1600 sig

1758 1638 1821 1676 Na
1840 1645 1877 1676 et
1897 1638 2035 1677 scisma
2054 1645 2133 1676 erat
2153 1638 2193 1675 in

1756 1693 1811 1729 eis

1758 1745 1786 1766 ¹⁷
1801 1745 1944 1783 Dicunt
1960 1757 2053 1795 ergo
2070 1745 2119 1782 illi
2135 1757 2253 1783 caeco

1759 1800 1850 1849 quid
1871 1799 1964 1837 dicis
1983 1800 2030 1837 de
2050 1811 2097 1836 eo
2117 1799 2222 1848 quod

1759 1854 1907 1902 aperuit
1928 1854 2062 1891 oculus
2084 1860 2172 1890 tuus

1759 1907 1827 1944 Ille
1848 1915 1975 1944 autern
1997 1908 2092 1944 dixit
2112 1907 2201 1956 quia

1759 1961 1946 2009 propheta
1965 1969 2022 1998 est

1758 2014 1785 2036 ¹⁸
1799 2014 1890 2051 Non
1910 2015 2117 2052 credebant
2137 2013 2240 2051 iudei

1760 2069 1807 2106 de
1827 2069 1890 2105 illo
2001 2069 2184 2117 quoniam

1758 2134 1871 2160 cecus
1892 2121 1960 2158 fuit
1979 2129 2015 2158 et
2035 2122 2140 2159 uidet

1758 2176 1881 2213 donec
1902 2182 2132 2212 uocarentur

1758 2238 1935 2279 parentes
1955 2229 2030 2266 1⁹et
2050 2230 2190 2265 interro

1759 2291 1945 2331 gauerunt
1964 2295 2032 2320 eos
2052 2282 2114 2320 hic
2130 2290 2187 2319 est

1759 2337 1858 2373 filius
1878 2344 2004 2373 uester
2024 2349 2140 2385 quem

1760 2402 1831 2427 uos
1851 2390 1971 2427 dicitis
1992 2391 2080 2439 quia
2100 2402 2168 2428 cae

1761 2456 1828 2481 cus
1849 2452 1958 2481 natus
1977 2452 2033 2480 est
2054 2455 2200 2493 quomo

1761 2498 1812 2534 do
1832 2509 1925 2546 ergo
1945 2498 2049 2534 uidet
2069 2497 2188 2534 modo

1760 2552 1789 2572 ²⁰
1802 2551 2102 2599 Responderunt
2121 2562 2240 2600 paren

1761 2613 1818 2642 tes
1838 2605 1918 2642 eius
1938 2613 1975 2641 et
1995 2605 2172 2641 dixerunt

1762 2660 1901 2696 scimus
1923 2659 2011 2707 quia
2030 2659 2090 2695 hic
2111 2658 2208 2694 filius

1762 2720 1890 2749 noster
1910 2719 1966 2748 est
2074 2720 2111 2748 et
2130 2723 2208 2759 quo

1761 2766 1864 2802 niam
1882 2776 2017 2802 caecus
2035 2772 2147 2801 natus

1761 2826 1818 2856 est
1872 2818 1900 2839 ²¹
1916 2818 2112 2867 quomodo
2126 2826 2254 2855 autem

1761 2872 1854 2909 uidit
1874 2873 2066 2909 nescimus
2148 2880 2214 2909 aut

2161 2938 2201 2962 XI
