2504 3382
251 209 300 234 rv.
324 191 442 246 3—44.]
499 193 542 231 E
546 192 670 232 UAN
669 191 814 232 GELI
816 191 908 231 HM
939 191 1049 231 SEC

253 283 335 312 1¹01.
352 283 413 311 49.

252 324 299 362 In
319 324 495 372 galileam

251 380 265 400 ¹
279 378 492 427 Oportebat
511 383 640 414 autem
667 383 743 414 eu’

251 432 410 469 transire
431 443 498 480 per
518 442 667 468 samma

250 486 345 522 riam
467 485 480 505 ⁵
494 485 598 521 uenit
618 491 745 521 autern

250 539 289 576 in
310 538 462 576 ciuitate
483 538 710 575 sammariae

251 604 326 641 que
347 592 482 629 dicitur
503 591 639 640 sychar
658 592 720 627 iux

250 652 288 683 ta
309 646 483 694 predium
504 645 609 694 quod
629 645 733 682 dedit

248 700 362 737 iacob
383 699 459 736 filio
480 710 549 736 suo
570 697 703 747 ioseph

251 753 265 774 ⁶
281 759 361 791 erat
381 760 508 790 autem
529 753 580 789 ibi
605 752 692 789 fons
713 752 748 788 ia

250 808 324 845 cob

253 859 747 909 UIIII'Ihsaulemsaltgralus·

251 926 299 951 ex
319 915 461 951 itenere
483 914 638 950 sedebat
658 923 702 949 su

249 980 317 1016 per
337 974 495 1016 puteum
516 966 610 1003 hora
628 972 707 1003 erat

250 1021 360 1069 quasi
382 1028 489 1057 sexta

249 1075 321 1111 ⁷Et
334 1074 439 1110 uenit
452 1073 588 1110 mulier
600 1084 747 1110 samma

250 1128 385 1164 ritiana
405 1127 554 1163 haurire
575 1133 702 1174 aqua-

250 1181 339 1218 dicit
359 1181 392 1217 ei
413 1180 470 1216 ihs
484 1179 531 1216 da
547 1180 638 1216 mihi
659 1179 746 1216 bibe

250 1247 292 1271 re
419 1234 432 1254 ⁸
449 1233 622 1281 discipuli
644 1233 745 1269 enim

249 1288 331 1325 eius
351 1287 521 1324 abierant
540 1287 578 1323 in
600 1286 673 1323 ciui

248 1348 366 1378 tatem
386 1348 427 1378 ut
447 1341 552 1377 cibos
573 1346 716 1377 emeret

248 1394 370 1432 ⁹Dicit
384 1395 416 1431 ei
430 1406 522 1442 ergo
536 1394 670 1430 mulier
683 1393 746 1430 illa

250 1448 521 1485 sammaritana
540 1454 580 1484 tu
601 1459 690 1484 cum

250 1502 300 1539 sis
320 1502 477 1538 iudaeus
497 1501 695 1550 quomodo

250 1568 272 1593 a
292 1567 354 1592 me
375 1555 504 1592 bibere
525 1555 621 1604 petis
641 1566 731 1592 cum

252 1683 330 1720 Sim
350 1682 487 1720 mulier
506 1695 654 1720 samrna

249 1738 370 1774 ritana
390 1749 469 1774 non
490 1738 591 1773 enirn
613 1749 659 1775 co

249 1797 408 1827 utuntur
428 1790 527 1828 iudei
548 1803 635 1828 cum

249 1844 527 1881 sammaritanis
673 1842 745 1896 [eis

249 1897 277 1918 ¹⁰
292 1897 507 1946 Respondit
528 1897 586 1934 ihs
607 1898 700 1935 dixit

251 1952 281 1988 si
303 1951 410 1988 sciris
430 1952 576 1988 donum
595 1951 634 1988 di
655 1960 692 1989 et

249 2005 333 2054 quis
354 2012 410 2041 est
431 2006 495 2053 qui
520 2005 617 2042 dicet
638 2006 704 2042 tibi

249 2059 298 2095 da
321 2058 411 2094 mihi
431 2059 560 2095 bibere
583 2066 623 2095 tu
644 2059 701 2097 for

249 2112 360 2149 sitam
381 2112 529 2160 petissis
549 2113 597 2149 ab
619 2125 666 2150 eo

249 2172 286 2202 et
308 2165 472 2203 dedisset
492 2166 557 2203 tibi
578 2178 720 2216 aquam

249 2231 379 2256 umam

249 2272 742 2322 ¹¹Diciteimulierd1'ieneq·

249 2327 288 2362 in
310 2338 388 2375 quo
408 2327 530 2363 aurias
550 2327 667 2364 habes
688 2335 723 2364 et

249 2386 387 2429 puteus
407 2380 502 2417 altus
523 2387 580 2417 est
599 2380 702 2417 unde

249 2434 367 2470 habes
388 2445 528 2481 aquam
550 2434 678 2470 uiuam

248 2485 276 2506 ¹²
289 2487 477 2535 numquid
501 2488 624 2524 maior
643 2499 683 2525 es
703 2493 743 2524 tu

247 2547 352 2589 patre
373 2547 504 2577 nostro
525 2541 636 2578 iacob

248 2594 314 2642 qui
334 2593 436 2630 dedit
457 2594 567 2631 nobis
595 2601 738 2643 puteu-

247 2646 350 2683 hunc
370 2654 406 2683 et
427 2647 506 2695 ipse
522 2660 568 2684 ex
582 2660 629 2685 eo
650 2649 742 2685 bibit

247 2710 283 2737 et
297 2700 348 2737 fili
362 2701 441 2737 eius
458 2708 494 2737 et
511 2713 649 2749 pecora
662 2702 742 2738 eius

248 2753 275 2774 ¹³
289 2754 505 2803 Respondit
520 2755 577 2791 ihs
593 2763 630 2792 et
650 2755 742 2792 dixit

248 2807 282 2844 ei
410 2808 535 2845 omnis
564 2810 628 2857 qui
650 2809 743 2846 uiuit

246 2873 292 2898 ex
314 2860 385 2898 hac
407 2873 507 2910 aqua
528 2863 623 2899 sitiet
642 2863 690 2900 ite

245 2926 331 2951 rum
424 2916 488 2964 qui
509 2923 635 2954 autern
655 2917 742 2955 bibe

311 3001 461 3020 BUCHANAN

783 321 847 359 Rit
868 321 914 358 de
934 321 1006 359 hac
1028 333 1129 371 aqua
1147 327 1256 370 qua-

781 387 854 424 ego
875 376 975 413 dabo
995 375 1028 412 ei
1049 387 1128 412 non
1150 376 1179 412 si

781 431 845 467 tiet
866 430 904 466 in
925 437 1122 466 aeternum

781 482 808 503 ²⁴
822 482 888 520 sed
908 494 1006 531 aqua
1027 494 1143 531 quam
1163 481 1264 519 dabo

782 537 815 574 ei
835 536 896 573 fiet
916 536 954 572 in
974 548 1021 573 eo
1041 536 1127 572 fons
1154 547 1275 584 aquae

782 590 946 627 salientis
965 590 1004 626 in
1023 590 1142 626 uitam

782 649 952 681 eternam

781 697 810 718 ¹⁶
822 696 924 733 Dicit
944 696 992 733 ad
1012 707 1100 732 eum
1121 695 1255 732 mulier

783 750 858 787 dne
879 749 928 786 da
947 749 1040 786 mihi
1061 749 1161 786 hane

783 816 923 852 aquarn
944 810 985 840 ut
1005 815 1084 840 non
1105 803 1227 840 sitiam

783 869 907 906 neque
923 857 1077 894 ueniam
1097 856 1171 893 huc

783 911 831 947 ad
852 910 1077 947 auriendum

782 964 809 985 ¹⁶
821 963 924 1001 Dicit
945 965 978 1001 ei
997 964 1055 1000 ihs
1070 962 1167 1001 uade
1180 974 1278 1001 uoca

782 1018 906 1054 uirum
927 1024 1032 1054 tuum
1052 1024 1088 1054 et
1109 1029 1155 1054 ue

782 1072 821 1107 ni
842 1071 915 1108 huc

781 1124 810 1145 ¹⁷
823 1124 1040 1172 Respondit
1058 1123 1203 1171 mulier!
1217 1129 1253 1161 et

782 1177 873 1214 dixit
891 1179 925 1215 ei
943 1190 1021 1215 non
1042 1177 1168 1214 habeo

781 1231 904 1267 uirum

781 1284 884 1321 Dicit
904 1284 936 1320 ei
958 1284 1015 1321 ihs
1035 1285 1133 1321 bene
1153 1283 1249 1321 dixis

779 1338 806 1375 ti
827 1338 915 1386 quia
934 1338 1057 1374 uirum
1079 1349 1158 1374 non

781 1392 898 1428 habes
917 1391 944 1412 ¹⁸
957 1391 1124 1440 quinque
1145 1391 1238 1428 eni‘

779 1446 882 1482 uiros
901 1443 1064 1481 habuisti
1147 1452 1183 1482 et

779 1511 882 1537 nunc
906 1511 1021 1547 quern
1042 1497 1161 1536 habes

779 1564 859 1590 non
880 1559 937 1590 est
956 1560 1041 1589 tuus
1060 1552 1118 1589 uir
1137 1552 1211 1590 hoc

779 1682 924 1720 Uerum
945 1682 1073 1719 dixisti

779 1736 805 1756 ¹⁹
820 1736 920 1773 Dicit
940 1737 974 1773 ei
994 1736 1128 1773 mulier
1148 1735 1221 1772 dfie
1236 1735 1274 1772 ui

780 1790 853 1827 deo
873 1790 961 1838 quia
980 1790 1166 1838 propheta
1185 1797 1241 1826 est

779 1844 808 1864 ²⁰
821 1852 946 1892 patres
967 1844 1085 1880 nostri
1106 1844 1143 1880 in
1165 1855 1258 1880 mon

780 1904 816 1935 te
837 1897 911 1934 hoc
931 1897 1185 1934 adorauerunt

779 1958 816 1988 et
835 1963 906 1988 uos
927 1950 1048 1987 dicitis
1068 1951 1158 1999 quia
1177 1949 1239 1987 ihe

780 2004 968 2042 rosolimis
989 2011 1046 2041 est
1066 2004 1172 2041 locus

779 2058 845 2094 ubi
865 2058 1022 2095 adorare
1043 2064 1194 2106 oportet

780 2110 807 2132 ²¹
822 2111 924 2148 Dicit
939 2112 973 2148 ei
992 2111 1050 2148 ihs
1066 2111 1199 2148 mulier
1214 2123 1275 2149 cre

778 2165 825 2203 de
846 2165 937 2201 mihi
957 2166 1046 2213 quia
1066 2165 1193 2202 ueniet

779 2219 875 2256 hora
894 2231 1019 2268 neque
1040 2219 1078 2255 in
1101 2230 1194 2256 mon

780 2280 815 2310 te
835 2272 908 2310 hoe
930 2284 1053 2321 neque
1069 2273 1177 2309 ihero

780 2326 923 2364 solimis
943 2326 1147 2364 adorabitis
1167 2338 1217 2374 pa

779 2386 875 2417 trem
972 2377 1000 2401 ²²
1013 2391 1082 2417 uos
1102 2379 1220 2417 adora

779 2433 823 2470 tis
845 2433 951 2482 quod
972 2434 1125 2471 nescitis

780 2487 864 2524 Nos
885 2487 1092 2524 adoramus
1113 2487 1219 2536 quod

778 2541 918 2578 scimus
940 2541 1004 2590 qui
1025 2541 1125 2578 salus
1145 2553 1192 2578 ex

777 2594 897 2631 iudeis
917 2601 974 2631 est

777 2648 882 2685 2³Sed
892 2647 1273 2686 ueniethoraetnunc

777 2709 833 2739 est
853 2702 1008 2750 quando
1028 2702 1105 2739 ueri
1126 2702 1201 2739 ado

777 2757 911 2792 ratoris
932 2762 968 2792 et
988 2755 1202 2793 adorabunt

777 2815 881 2858 patre
902 2809 941 2845 in
961 2812 1033 2857 spu
1053 2816 1088 2846 et
1108 2810 1228 2846 uerita

777 2871 854 2900 tem
937 2875 1027 2899 nam
1047 2869 1083 2900 et
1102 2869 1209 2912 pater

777 2916 860 2955 talis
880 2917 1002 2966 querit
1026 2917 1091 2966 qui
1111 2916 1185 2955 ado

1685 188 1828 227 IOHA
1835 187 2020 227 NNEM

1342 277 1424 308 1¹01.
1441 278 1501 308 50.

1344 335 1441 399 Rent
1452 374 1540 399 eum
1745 360 1836 414 [ado

1343 417 1370 437 ²⁴¹
1385 415 1458 464 Sps
1478 424 1533 453 est
1553 415 1598 452 ds
1618 422 1654 453 et
1673 427 1738 453 eos
1759 417 1824 465 qui

1343 480 1425 507 rant
1446 470 1484 506 in
1507 473 1576 518 spu
1597 477 1632 506 et
1653 470 1808 507 ueritate

1343 530 1494 571 oportet
1513 523 1671 560 adorare

1344 577 1372 597 ²⁵
1385 577 1486 613 Dicit
1499 577 1533 613 ei
1546 576 1681 613 mulier
1694 576 1837 613 nessias

1345 630 1423 667 scio
1444 630 1534 678 quia
1553 630 1658 666 uenit
1679 630 1744 678 qui
1765 629 1802 666 di

1346 684 1440 721 citur
1459 686 1532 731 xps
1553 695 1640 720 curn
1665 695 1758 731 ergo

1346 737 1490 774 uenerit
1511 737 1572 774 ille
1592 736 1701 774 nobis
1722 736 1771 773 ad

1346 791 1533 827 nuntiauit
1553 790 1684 827 omnia

1345 844 1371 865 ‘²⁵
1383 844 1485 881 Dicit
1504 845 1538 882 ei
1558 844 1615 881 ihs
1634 855 1707 893 ego
1728 855 1814 880 sum

1346 897 1483 947 loquor
1503 906 1631 935 tecum
1755 894 1839 949 [qui

1346 951 1374 972 ²⁷
1389 952 1438 988 Et
1454 951 1638 988 continuo
1652 958 1840 988 uenerunt

1347 1005 1517 1054 discipuli
1538 1006 1618 1042 eius
1638 1011 1675 1042 et
1695 1005 1789 1042 mira

1346 1059 1483 1096 bantur
1503 1059 1591 1108 quia
1610 1070 1699 1095 cum
1720 1070 1787 1096 mu

1346 1113 1433 1150 liere
1453 1112 1679 1161 loquebatur

1347 1178 1462 1203 nemo
1482 1173 1608 1203 tamen
1629 1165 1723 1203 dixit
1742 1165 1776 1202 ei

1346 1219 1435 1269 quid
1456 1220 1581 1268 queris
1601 1226 1664 1257 aut
1683 1218 1775 1268 quid

1345 1273 1510 1322 loqueris
1523 1285 1610 1310 cum
1632 1285 1678 1310 ea

1344 1327 1372 1348 ²³
1387 1327 1553 1375 Reliquit
1573 1339 1663 1375 ergo
1686 1326 1819 1362 mulier

1345 1380 1515 1429 hydriam
1536 1392 1643 1417 suam
1664 1387 1699 1417 et
1720 1379 1810 1417 abiit

1344 1435 1382 1470 in
1403 1435 1595 1471 ciuitatem
1615 1442 1650 1471 et
1671 1433 1764 1471 dixit

1343 1487 1562 1525 hominibus
1582 1488 1608 1509 ²⁹
1624 1488 1750 1524 uenite

1342 1542 1466 1578 uidete
1486 1540 1681 1578 hominem
1702 1540 1766 1589 qui

1344 1595 1436 1632 dixit
1452 1595 1582 1632 omnia
1601 1606 1767 1645 quecum

1344 1680 1433 1727 Que
1455 1681 1525 1719 feci
1546 1681 1723 1732 numquit

1342 1736 1423 1784 ipse
1443 1743 1499 1773 est
1517 1739 1589 1784 xps

1343 1789 1372 1809 ³⁰
1384 1790 1568 1826 Exierunt
1588 1801 1680 1837 ergo
1701 1789 1748 1827 de
1768 1789 1802 1827 ci

1342 1844 1498 1880 uitatem
1519 1851 1554 1880 et
1570 1843 1680 1880 uenie

1343 1897 1435 1933 bant
1455 1897 1503 1933 ad
1523 1908 1612 1934 eum

1343 1950 1370 1971 ³¹
1384 1951 1488 1988 Inter
1507 1951 1602 1988 haec
1622 1957 1750 1987 autem

1344 2005 1531 2053 rogabant
1552 2004 1724 2053 discipuli

1345 2058 1514 2096 dicentes
1533 2058 1641 2095 rabbi
1661 2066 1753 2096 ma*

1344 2111 1442 2149 duca

1343 2164 1371 2186 ³²
1387 2166 1453 2202 Ille
1475 2172 1600 2202 autern
1621 2165 1713 2202 dixit
1733 2165 1786 2203 eis

1345 2232 1417 2268 ego
1438 2220 1565 2256 cibum
1586 2219 1710 2256 habeo

1344 2273 1573 2310 manducare
1594 2285 1711 2321 quem

1343 2339 1415 2364 uos
1435 2338 1514 2363 non
1535 2327 1637 2364 scitis

1342 2380 1370 2401 ³³
1383 2380 1561 2417 Dicibant
1581 2392 1673 2429 ergo
1695 2380 1786 2417 disci

1342 2435 1422 2483 puli
1442 2434 1522 2471 eius
1544 2435 1641 2471 intra
1661 2440 1782 2471 semet

1342 2489 1466 2537 ipsum
1487 2488 1662 2536 numquit
1683 2488 1733 2524 ali

1342 2543 1425 2591 quis
1446 2541 1578 2579 adtulit
1598 2542 1632 2579 ei
1652 2554 1743 2578 man

1342 2596 1481 2632 ducare

1341 2650 1369 2670 ⁸⁴
1378 2649 1478 2686 Dicit
1492 2649 1524 2685 ei
1537 2648 1593 2686 ihs
1606 2660 1715 2686 meus
1728 2649 1835 2686 cibus

1340 2710 1396 2739 est
1415 2710 1456 2739 ut
1477 2703 1612 2739 faciam
1632 2703 1752 2739 uolu-

1341 2763 1458 2793 tatem
1478 2757 1558 2793 eius
1579 2756 1642 2804 qui
1663 2768 1724 2793 rne

1342 2810 1443 2847 misit
1463 2817 1499 2846 et
1517 2810 1714 2859 perficiam

1341 2875 1440 2912 opus
1460 2864 1541 2900 eius

1340 2917 1369 2939 ⁸⁵
1377 2917 1518 2956 Nonne
1527 2929 1596 2956 uos
1604 2917 1724 2956 dicitis
1732 2916 1836 2968 quod

2315 200 2362 238 25

1869 318 2008 356 Adhuc
2028 324 2209 368 quattuor
2227 325 2321 356 me-

1871 373 1923 410 sis
1943 378 2031 410 sunt
2051 379 2087 410 et
2103 373 2245 410 mensis
2261 371 2366 410 uenit

1872 439 1958 464 ecce
1976 426 2061 464 dieo
2081 426 2192 463 uobis

1872 479 2015 517 Leuate
2037 479 2170 517 oculus
2191 485 2337 517 uestros

1872 541 1908 570 et
1928 533 2014 570 uide
2035 534 2212 580 regiones
2233 533 2322 582 quia

1872 587 1954 624 albe
1979 593 2066 624 sunt
2085 587 2161 623 iam
2182 587 2232 625 ad
2254 598 2338 624 mes

1873 652 1954 677 sem

1872 693 1899 714 ³⁶
1913 693 1990 739 Qui
2011 694 2116 730 metit
2134 693 2352 731 mercedem

1873 747 2016 795 adcipit
2035 753 2072 784 et
2092 748 2265 794 congerit

1872 800 2038 838 fructum
2059 801 2096 836 in
2117 801 2235 837 uitam
2256 812 2301 837 ae

1874 861 2021 891 ternam
2040 860 2081 890 ut
2103 860 2140 890 et
2160 854 2224 902 qui
2244 866 2285 890 se

1873 908 1995 945 minat
2014 907 2127 944 simul
2145 907 2310 955 gaudeat

1873 967 1910 998 et
1931 962 1994 1010 qui
2015 961 2122 998 metit
2192 961 2219 981 ³⁷
2234 961 2271 997 in
2292 960 2366 998 hoc

1872 1021 1929 1052 est
1949 1015 2049 1052 enirn
2070 1014 2231 1052 uerbum
2250 1026 2300 1051 ue

1872 1069 1990 1106 ritatis
2010 1068 2099 1118 quia
2119 1068 2212 1105 alius
2233 1068 2298 1118 qui

1873 1123 2034 1159 seminat
2053 1129 2090 1160 et
2113 1122 2207 1159 alius
2227 1122 2293 1171 qui

1873 1176 1979 1212 metit

1873 1229 1899 1249 ³³
1911 1230 1998 1278 Ego
2017 1229 2101 1266 misi
2121 1240 2192 1266 uos
2211 1234 2355 1266 metere

1872 1283 1910 1320 id
1931 1282 2035 1332 quod
2055 1295 2126 1319 uos
2146 1294 2226 1319 non
2245 1282 2333 1320 labo

1871 1338 1978 1374 rastis
1998 1336 2059 1373 alii
2079 1337 2259 1374 laboraue

1872 1396 1959 1427 runt
1979 1396 2016 1427 et
2035 1402 2105 1427 uos
2125 1391 2161 1425 in
2183 1389 2316 1426 labore

1871 1444 2040 1493 ipsorum
2061 1443 2241 1480 introistis

1872 1498 1967 1534 ¹’‘¹⁵Ex
1981 1498 2129 1534 ciuitate
2138 1497 2362 1535 autemilla-

1872 1551 1981 1589 multi
1993 1551 2232 1589 crediderunt

1872 1681 1919 1719 In
1939 1694 2026 1720 eum
2048 1684 2322 1721 sammaritano

1872 1748 1957 1773 rum
1978 1743 2130 1785 propter
2148 1738 2311 1774 uerbum

1872 1790 2041 1827 mulieris
2061 1791 2252 1828 testimoni

1871 1855 1937 1880 urn
1959 1843 2198 1892 perhibentes
2278 1845 2368 1894 quia

1871 1897 1966 1934 dixit
1985 1897 2078 1934 mihi
2098 1898 2228 1935 omnia
2247 1910 2348 1948 quae

1870 1950 1942 1988 feci

1870 2004 1898 2025 ⁴⁰
1911 2003 2011 2041 Cum
2032 2005 2226 2042 uenissent
2245 2017 2338 2054 ergo

1872 2059 1919 2095 ad
1940 2058 2043 2095 illum
2065 2060 2243 2095 sammari

1871 2113 1950 2149 tani
1970 2120 2201 2161 rogauerunt
2220 2119 2301 2150 eu-

1871 2172 1912 2202 ut
1931 2166 1982 2203 ibi
2001 2173 2173 2203 maneret
2193 2174 2228 2204 et
2247 2174 2342 2204 ma-

1873 2220 1918 2256 sit
1931 2221 1980 2257 ibi
1995 2220 2113 2257 biduo
2161 2220 2232 2258 sset
2245 2220 2366 2258 multo

1870 2273 1996 2322 plures
2017 2273 2259 2311 crediderunt

1871 2335 2024 2376 propter
2045 2339 2263 2365 sermonem

1869 2381 1950 2417 eius

1869 2433 1898 2455 ⁴²
1912 2434 2063 2471 Mulieri
2084 2442 2212 2472 autem
2233 2434 2315 2473 dice

1870 2489 1962 2525 bant
1982 2489 2070 2537 quia
2090 2489 2166 2525 iam
2187 2500 2266 2526 non

1869 2549 2023 2591 propter
2043 2549 2107 2579 tua
2126 2542 2322 2591 loquella-

1870 2596 2060 2633 credimus
2080 2596 2152 2644 ipsi
2173 2597 2276 2633 enim

1869 2649 2083 2686 audiuimus
2103 2656 2139 2686 et
2159 2649 2301 2687 scimus

1869 2703 1958 2752 quia
1977 2702 2038 2740 hic
2060 2710 2115 2741 est
2135 2702 2301 2742 saluator

1868 2756 2002 2793 mundi

1871 2819 1899 2847 x
1912 2810 1940 2831 ⁴⁸
1953 2809 2048 2847 Post
2060 2811 2149 2847 duos
2161 2816 2278 2848 aulem
2291 2811 2366 2849 dies

1869 2864 1958 2902 exiit
1977 2864 2066 2901 inde
2086 2864 2143 2902 ihs
2162 2865 2200 2902 in
2219 2865 2294 2914 gali

1869 2918 1970 2957 leam
2039 2919 2068 2940 ⁴⁴
2083 2919 2164 2969 ipse
2183 2919 2287 2957 enim
2306 2918 2365 2956 ihs
