<?xml version="1.0" encoding="UTF-8"?>
<!DOCTYPE html PUBLIC "-//W3C//DTD XHTML 1.0 Transitional//EN"
    "http://www.w3.org/TR/xhtml1/DTD/xhtml1-transitional.dtd">
<html xmlns="http://www.w3.org/1999/xhtml" xml:lang="en" lang="en">
 <head>
  <title>
</title>
<meta http-equiv="Content-Type" content="text/html;charset=utf-8" />
  <meta name='ocr-system' content='tesseract 3.04.00' />
  <meta name='ocr-capabilities' content='ocr_page ocr_carea ocr_par ocr_line ocrx_word'/>
</head>
<body>
  <div class='ocr_page' id='page_1' title='image "./fourgospelsfromc00buchuoft_0062.png"; bbox 0 0 2504 3382; ppageno 0'>
   <div class='ocr_carea' id='block_1_1' title="bbox 143 203 191 247">
    <p class='ocr_par' dir='ltr' id='par_1_1' title="bbox 143 203 191 247">
     <span class='ocr_line' id='line_1_1' title="bbox 143 203 191 247; baseline 0 -9"><span class='ocrx_word' id='word_1_1' title='bbox 143 203 191 247; x_wconf 89' lang='lat'>46</span> 
     </span>
    </p>
   </div>
   <div class='ocr_carea' id='block_1_2' title="bbox 138 288 587 379">
    <p class='ocr_par' dir='ltr' id='par_1_2' title="bbox 138 288 587 379">
     <span class='ocr_line' id='line_1_2' title="bbox 140 288 300 318; baseline 0 0"><span class='ocrx_word' id='word_1_2' title='bbox 140 288 222 318; x_wconf 74' lang='lat' dir='ltr'>Pol.</span> <span class='ocrx_word' id='word_1_3' title='bbox 241 289 300 318; x_wconf 79' lang='lat'>89.</span> 
     </span>
     <span class='ocr_line' id='line_1_3' title="bbox 138 331 587 379; baseline 0 -13"><span class='ocrx_word' id='word_1_4' title='bbox 138 340 204 367; x_wconf 71' lang='lat' dir='ltr'>LLI</span> <span class='ocrx_word' id='word_1_5' title='bbox 221 331 285 368; x_wconf 77' lang='lat' dir='ltr'>Sic</span> <span class='ocrx_word' id='word_1_6' title='bbox 302 331 420 368; x_wconf 75' lang='lat' dir='ltr'><em>ueniet</em></span> <span class='ocrx_word' id='word_1_7' title='bbox 435 343 587 379; x_wconf 72' lang='lat' dir='ltr'>regnum</span> 
     </span>
    </p>
   </div>
   <div class='ocr_carea' id='block_1_3' title="bbox 128 384 630 1649">
    <p class='ocr_par' dir='ltr' id='par_1_3' title="bbox 128 384 630 1649">
     <span class='ocr_line' id='line_1_4' title="bbox 137 384 593 421; baseline -0.002 0"><span class='ocrx_word' id='word_1_8' title='bbox 137 384 177 421; x_wconf 74' lang='lat' dir='ltr'>di</span> <span class='ocrx_word' id='word_1_9' title='bbox 197 385 294 421; x_wconf 90' lang='lat' dir='ltr'>sicut</span> <span class='ocrx_word' id='word_1_10' title='bbox 314 385 381 421; x_wconf 86' lang='lat' dir='ltr'>fuit</span> <span class='ocrx_word' id='word_1_11' title='bbox 401 386 439 420; x_wconf 88' lang='lat' dir='ltr'>in</span> <span class='ocrx_word' id='word_1_12' title='bbox 460 385 593 421; x_wconf 85' lang='lat' dir='ltr'>diebus</span> 
     </span>
     <span class='ocr_line' id='line_1_5' title="bbox 138 437 569 474; baseline -0.002 0"><span class='ocrx_word' id='word_1_13' title='bbox 138 450 214 474; x_wconf 92' lang='lat' dir='ltr'>noe</span> <span class='ocrx_word' id='word_1_14' title='bbox 234 444 270 474; x_wconf 85' lang='lat' dir='ltr'>et</span> <span class='ocrx_word' id='word_1_15' title='bbox 289 438 352 474; x_wconf 90' lang='lat' dir='ltr'>ubi</span> <span class='ocrx_word' id='word_1_16' title='bbox 375 437 481 474; x_wconf 84' lang='lat' dir='ltr'>fuerit</span> <span class='ocrx_word' id='word_1_17' title='bbox 502 449 569 474; x_wconf 91' lang='lat' dir='ltr'>cor</span> 
     </span>
     <span class='ocr_line' id='line_1_6' title="bbox 138 490 531 540; baseline -0.003 -13"><span class='ocrx_word' id='word_1_18' title='bbox 138 502 210 540; x_wconf 87' lang='lat' dir='ltr'>pus</span> <span class='ocrx_word' id='word_1_19' title='bbox 231 491 387 526; x_wconf 88' lang='lat' dir='ltr'>ueniunt</span> <span class='ocrx_word' id='word_1_20' title='bbox 407 490 531 539; x_wconf 84' lang='lat' dir='ltr'>aquile</span> 
     </span>
     <span class='ocr_line' id='line_1_7' title="bbox 136 543 630 590; baseline -0.002 -11"><span class='ocrx_word' id='word_1_21' title='bbox 136 553 219 579; x_wconf 66' lang='lat' dir='ltr'><em>LFII</em></span> <span class='ocrx_word' id='word_1_22' title='bbox 231 543 291 579; x_wconf 89' lang='lat' dir='ltr'>De</span> <span class='ocrx_word' id='word_1_23' title='bbox 305 544 455 579; x_wconf 82' lang='lat' dir='ltr'><em>iudicem</em></span> <span class='ocrx_word' id='word_1_24' title='bbox 472 543 630 590; x_wconf 78' lang='lat' dir='ltr'><em>iniquila</em></span> 
     </span>
     <span class='ocr_line' id='line_1_8' title="bbox 136 596 553 633; baseline -0.002 0"><span class='ocrx_word' id='word_1_25' title='bbox 136 598 183 633; x_wconf 91' lang='lat' dir='ltr'>tis</span> <span class='ocrx_word' id='word_1_26' title='bbox 203 604 240 633; x_wconf 94' lang='lat' dir='ltr'>et</span> <span class='ocrx_word' id='word_1_27' title='bbox 259 608 346 633; x_wconf 90' lang='lat' dir='ltr'>cum</span> <span class='ocrx_word' id='word_1_28' title='bbox 365 597 509 633; x_wconf 87' lang='lat' dir='ltr'>uenerit</span> <span class='ocrx_word' id='word_1_29' title='bbox 528 596 553 632; x_wconf 93' lang='lat' dir='ltr'>fi</span> 
     </span>
     <span class='ocr_line' id='line_1_9' title="bbox 134 649 577 699; baseline 0 -13"><span class='ocrx_word' id='word_1_30' title='bbox 134 650 204 686; x_wconf 89' lang='lat' dir='ltr'>lius</span> <span class='ocrx_word' id='word_1_31' title='bbox 224 649 388 686; x_wconf 90' lang='lat' dir='ltr'>hominis</span> <span class='ocrx_word' id='word_1_32' title='bbox 407 656 517 699; x_wconf 90' lang='lat' dir='ltr'>putas</span> <span class='ocrx_word' id='word_1_33' title='bbox 537 649 577 686; x_wconf 89' lang='lat' dir='ltr'>in</span> 
     </span>
     <span class='ocr_line' id='line_1_10' title="bbox 135 703 396 739; baseline 0 0"><span class='ocrx_word' id='word_1_34' title='bbox 135 703 262 739; x_wconf 89' lang='lat' dir='ltr'>ueniet</span> <span class='ocrx_word' id='word_1_35' title='bbox 282 703 396 739; x_wconf 88' lang='lat' dir='ltr'>fidem</span> 
     </span>
     <span class='ocr_line' id='line_1_11' title="bbox 132 755 629 793; baseline 0.002 -2"><span class='ocrx_word' id='word_1_36' title='bbox 132 766 235 792; x_wconf 72' lang='lat' dir='ltr'><em>LUIII</em></span> <span class='ocrx_word' id='word_1_37' title='bbox 249 755 337 793; x_wconf 86' lang='lat' dir='ltr'>Duo</span> <span class='ocrx_word' id='word_1_38' title='bbox 351 757 507 793; x_wconf 74' lang='lat' dir='ltr'>hanzines</span> <span class='ocrx_word' id='word_1_39' title='bbox 525 769 629 793; x_wconf 82' lang='lat' dir='ltr'>ascen</span> 
     </span>
     <span class='ocr_line' id='line_1_12' title="bbox 133 810 557 847; baseline 0.002 -2"><span class='ocrx_word' id='word_1_40' title='bbox 133 810 270 846; x_wconf 87' lang='lat' dir='ltr'>derunt</span> <span class='ocrx_word' id='word_1_41' title='bbox 291 822 399 847; x_wconf 91' lang='lat' dir='ltr'>orare</span> <span class='ocrx_word' id='word_1_42' title='bbox 420 811 459 846; x_wconf 90' lang='lat' dir='ltr'>in</span> <span class='ocrx_word' id='word_1_43' title='bbox 479 818 557 846; x_wconf 92' lang='lat' dir='ltr'>tem</span> 
     </span>
     <span class='ocr_line' id='line_1_13' title="bbox 133 863 538 912; baseline 0 -12"><span class='ocrx_word' id='word_1_44' title='bbox 133 863 198 911; x_wconf 92' lang='lat' dir='ltr'>plo</span> <span class='ocrx_word' id='word_1_45' title='bbox 217 870 253 900; x_wconf 91' lang='lat' dir='ltr'>et</span> <span class='ocrx_word' id='word_1_46' title='bbox 273 863 538 912; x_wconf 88' lang='lat' dir='ltr'>adcipiendum</span> 
     </span>
     <span class='ocr_line' id='line_1_14' title="bbox 133 917 582 964; baseline 0 -11"><span class='ocrx_word' id='word_1_47' title='bbox 133 929 292 964; x_wconf 87' lang='lat' dir='ltr'>regnum</span> <span class='ocrx_word' id='word_1_48' title='bbox 314 917 352 953; x_wconf 76' lang='lat' dir='ltr'>di</span> <span class='ocrx_word' id='word_1_49' title='bbox 374 918 468 953; x_wconf 89' lang='lat' dir='ltr'>sicut</span> <span class='ocrx_word' id='word_1_50' title='bbox 488 928 582 964; x_wconf 89' lang='lat' dir='ltr'>puer</span> 
     </span>
     <span class='ocr_line' id='line_1_15' title="bbox 130 969 626 1006; baseline 0 -1"><span class='ocrx_word' id='word_1_51' title='bbox 130 980 250 1006; x_wconf 72' lang='lat' dir='ltr'><em>LUIII</em></span> <span class='ocrx_word' id='word_1_52' title='bbox 259 970 429 1006; x_wconf 77' lang='lat' dir='ltr'><em>Facilius</em></span> <span class='ocrx_word' id='word_1_53' title='bbox 440 973 492 1006; x_wconf 77' lang='lat' dir='ltr'>est</span> <span class='ocrx_word' id='word_1_54' title='bbox 502 969 626 1005; x_wconf 82' lang='lat' dir='ltr'>camel-</span> 
     </span>
     <span class='ocr_line' id='line_1_16' title="bbox 132 1020 623 1074; baseline -0.004 -14"><span class='ocrx_word' id='word_1_55' title='bbox 132 1036 200 1073; x_wconf 92' lang='lat' dir='ltr'>per</span> <span class='ocrx_word' id='word_1_56' title='bbox 220 1023 390 1060; x_wconf 87' lang='lat' dir='ltr'>foramen</span> <span class='ocrx_word' id='word_1_57' title='bbox 410 1034 500 1059; x_wconf 91' lang='lat' dir='ltr'>acus</span> <span class='ocrx_word' id='word_1_58' title='bbox 529 1020 623 1074; x_wconf 85' lang='lat' dir='ltr'>[lum</span> 
     </span>
     <span class='ocr_line' id='line_1_17' title="bbox 134 1086 290 1114; baseline -0.013 0"><span class='ocrx_word' id='word_1_59' title='bbox 134 1086 290 1114; x_wconf 81' lang='lat' dir='ltr'>transire</span> 
     </span>
     <span class='ocr_line' id='line_1_18' title="bbox 131 1129 606 1178; baseline 0 -13"><span class='ocrx_word' id='word_1_60' title='bbox 131 1140 182 1165; x_wconf 89' lang='lat' dir='ltr'><em>LX</em></span> <span class='ocrx_word' id='word_1_61' title='bbox 196 1131 230 1166; x_wconf 77' lang='lat' dir='ltr'><em>A</em></span> <span class='ocrx_word' id='word_1_62' title='bbox 239 1130 405 1165; x_wconf 81' lang='lat' dir='ltr'><em>duenlum</em></span> <span class='ocrx_word' id='word_1_63' title='bbox 421 1129 606 1178; x_wconf 78' lang='lat' dir='ltr'><em>passionis</em></span> 
     </span>
     <span class='ocr_line' id='line_1_19' title="bbox 131 1183 556 1220; baseline 0 -1"><span class='ocrx_word' id='word_1_64' title='bbox 131 1183 219 1220; x_wconf 91' lang='lat' dir='ltr'>dicit</span> <span class='ocrx_word' id='word_1_65' title='bbox 239 1189 275 1220; x_wconf 88' lang='lat' dir='ltr'>et</span> <span class='ocrx_word' id='word_1_66' title='bbox 294 1195 426 1220; x_wconf 87' lang='lat' dir='ltr'>cecum</span> <span class='ocrx_word' id='word_1_67' title='bbox 447 1194 556 1219; x_wconf 88' lang='lat' dir='ltr'>secus</span> 
     </span>
     <span class='ocr_line' id='line_1_20' title="bbox 129 1236 549 1274; baseline -0.002 -1"><span class='ocrx_word' id='word_1_68' title='bbox 129 1237 232 1273; x_wconf 89' lang='lat' dir='ltr'>uiam</span> <span class='ocrx_word' id='word_1_69' title='bbox 253 1236 449 1274; x_wconf 81' lang='lat' dir='ltr'>sedentem</span> <span class='ocrx_word' id='word_1_70' title='bbox 469 1236 549 1272; x_wconf 90' lang='lat' dir='ltr'>inlu</span> 
     </span>
     <span class='ocr_line' id='line_1_21' title="bbox 128 1290 286 1327; baseline 0 -1"><span class='ocrx_word' id='word_1_71' title='bbox 128 1290 286 1327; x_wconf 88' lang='lat' dir='ltr'>minauit</span> 
     </span>
     <span class='ocr_line' id='line_1_22' title="bbox 128 1343 624 1392; baseline 0 -12"><span class='ocrx_word' id='word_1_72' title='bbox 128 1354 198 1380; x_wconf 99' lang='lat' dir='ltr'><em>LXI</em></span> <span class='ocrx_word' id='word_1_73' title='bbox 213 1343 272 1380; x_wconf 87' lang='lat' dir='ltr'>De</span> <span class='ocrx_word' id='word_1_74' title='bbox 292 1356 412 1381; x_wconf 77' lang='lat' dir='ltr'>zaceeo</span> <span class='ocrx_word' id='word_1_75' title='bbox 427 1343 624 1392; x_wconf 81' lang='lat' dir='ltr'><em>publicano</em></span> 
     </span>
     <span class='ocr_line' id='line_1_23' title="bbox 130 1398 515 1435; baseline -0.003 0"><span class='ocrx_word' id='word_1_76' title='bbox 130 1406 228 1435; x_wconf 87' lang='lat' dir='ltr'>statu</span> <span class='ocrx_word' id='word_1_77' title='bbox 249 1398 515 1434; x_wconf 86' lang='lat' dir='ltr'>minimissimo</span> 
     </span>
     <span class='ocr_line' id='line_1_24' title="bbox 129 1450 626 1488; baseline -0.002 -1"><span class='ocrx_word' id='word_1_78' title='bbox 129 1461 217 1488; x_wconf 86' lang='lat' dir='ltr'><em>LXII</em></span> <span class='ocrx_word' id='word_1_79' title='bbox 251 1451 372 1488; x_wconf 85' lang='lat' dir='ltr'><em>Homo</em></span> <span class='ocrx_word' id='word_1_80' title='bbox 405 1452 502 1487; x_wconf 76' lang='lat' dir='ltr'><em>diuis</em></span> <span class='ocrx_word' id='word_1_81' title='bbox 534 1450 626 1487; x_wconf 74' lang='lat' dir='ltr'><em>abiit</em></span> 
     </span>
     <span class='ocr_line' id='line_1_25' title="bbox 527 1502 627 1556; baseline 0 -15"><span class='ocrx_word' id='word_1_82' title='bbox 527 1502 627 1556; x_wconf 84' lang='lat' dir='ltr'>[acci</span> 
     </span>
     <span class='ocr_line' id='line_1_26' title="bbox 129 1558 522 1607; baseline 0 -12"><span class='ocrx_word' id='word_1_83' title='bbox 129 1570 218 1607; x_wconf 90' lang='lat' dir='ltr'>pere</span> <span class='ocrx_word' id='word_1_84' title='bbox 238 1570 400 1605; x_wconf 78' lang='lat' dir='ltr'>regnum</span> <span class='ocrx_word' id='word_1_85' title='bbox 420 1565 456 1596; x_wconf 89' lang='lat' dir='ltr'>et</span> <span class='ocrx_word' id='word_1_86' title='bbox 475 1558 522 1595; x_wconf 90' lang='lat' dir='ltr'>de</span> 
     </span>
     <span class='ocr_line' id='line_1_27' title="bbox 129 1612 594 1649; baseline 0 -1"><span class='ocrx_word' id='word_1_87' title='bbox 129 1612 182 1648; x_wconf 89' lang='lat' dir='ltr'>dit</span> <span class='ocrx_word' id='word_1_88' title='bbox 202 1613 319 1649; x_wconf 89' lang='lat' dir='ltr'>seruis</span> <span class='ocrx_word' id='word_1_89' title='bbox 341 1613 418 1649; x_wconf 89' lang='lat' dir='ltr'>suis</span> <span class='ocrx_word' id='word_1_90' title='bbox 437 1625 461 1648; x_wconf 80' lang='lat' dir='ltr'>x</span> <span class='ocrx_word' id='word_1_91' title='bbox 482 1623 594 1649; x_wconf 89' lang='lat' dir='ltr'>mnas</span> 
     </span>
    </p>
   </div>
   <div class='ocr_carea' id='block_1_4' title="bbox 127 1697 632 3020">
    <p class='ocr_par' dir='ltr' id='par_1_4' title="bbox 127 1697 625 1804">
     <span class='ocr_line' id='line_1_28' title="bbox 127 1697 625 1735; baseline 0.002 -1"><span class='ocrx_word' id='word_1_92' title='bbox 127 1707 232 1735; x_wconf 89' lang='lat' dir='ltr'><em>LXIII</em></span> <span class='ocrx_word' id='word_1_93' title='bbox 279 1697 339 1734; x_wconf 88' lang='lat' dir='ltr'>De</span> <span class='ocrx_word' id='word_1_94' title='bbox 389 1699 536 1735; x_wconf 82' lang='lat' dir='ltr'><em>asinam</em></span> <span class='ocrx_word' id='word_1_95' title='bbox 591 1702 625 1735; x_wconf 82' lang='lat' dir='ltr'>el</span> 
     </span>
     <span class='ocr_line' id='line_1_29' title="bbox 460 1749 620 1804; baseline 0.006 -17"><span class='ocrx_word' id='word_1_96' title='bbox 460 1749 620 1804; x_wconf 62' lang='lat' dir='ltr'><em>[pullu-</em></span> 
     </span>
    </p>

    <p class='ocr_par' dir='ltr' id='par_1_5' title="bbox 129 1804 546 1843">
     <span class='ocr_line' id='line_1_30' title="bbox 129 1804 546 1843; baseline 0.002 -1"><span class='ocrx_word' id='word_1_97' title='bbox 129 1806 220 1843; x_wconf 84' lang='lat' dir='ltr'>dixit</span> <span class='ocrx_word' id='word_1_98' title='bbox 239 1805 295 1842; x_wconf 77' lang='lat' dir='ltr'>ihs</span> <span class='ocrx_word' id='word_1_99' title='bbox 316 1806 345 1842; x_wconf 88' lang='lat' dir='ltr'>si</span> <span class='ocrx_word' id='word_1_100' title='bbox 365 1804 415 1842; x_wconf 86' lang='lat' dir='ltr'>hii</span> <span class='ocrx_word' id='word_1_101' title='bbox 436 1812 546 1843; x_wconf 83' lang='lat' dir='ltr'>tacue</span> 
     </span>
    </p>

    <p class='ocr_par' dir='ltr' id='par_1_6' title="bbox 129 1859 565 1908">
     <span class='ocr_line' id='line_1_31' title="bbox 129 1859 565 1908; baseline 0 -12"><span class='ocrx_word' id='word_1_102' title='bbox 129 1861 175 1897; x_wconf 88' lang='lat' dir='ltr'>rit</span> <span class='ocrx_word' id='word_1_103' title='bbox 195 1859 339 1908; x_wconf 85' lang='lat' dir='ltr'>lapides</span> <span class='ocrx_word' id='word_1_104' title='bbox 360 1859 565 1896; x_wconf 70' lang='lat' dir='ltr'>clamabu-</span> 
     </span>
    </p>

    <p class='ocr_par' dir='ltr' id='par_1_7' title="bbox 132 1913 551 1961">
     <span class='ocr_line' id='line_1_32' title="bbox 132 1913 551 1961; baseline 0 -11"><span class='ocrx_word' id='word_1_105' title='bbox 132 1921 168 1950; x_wconf 92' lang='lat' dir='ltr'>et</span> <span class='ocrx_word' id='word_1_106' title='bbox 188 1913 291 1950; x_wconf 88' lang='lat' dir='ltr'>fleuit</span> <span class='ocrx_word' id='word_1_107' title='bbox 311 1925 424 1961; x_wconf 78' lang='lat' dir='ltr'>super</span> <span class='ocrx_word' id='word_1_108' title='bbox 444 1914 551 1950; x_wconf 90' lang='lat' dir='ltr'>iheru</span> 
     </span>
    </p>

    <p class='ocr_par' dir='ltr' id='par_1_8' title="bbox 131 1966 537 2016">
     <span class='ocr_line' id='line_1_33' title="bbox 131 1966 537 2016; baseline 0.002 -13"><span class='ocrx_word' id='word_1_109' title='bbox 131 1967 249 2003; x_wconf 89' lang='lat' dir='ltr'>salem</span> <span class='ocrx_word' id='word_1_110' title='bbox 270 1973 307 2003; x_wconf 93' lang='lat' dir='ltr'>et</span> <span class='ocrx_word' id='word_1_111' title='bbox 326 1966 373 2003; x_wconf 91' lang='lat' dir='ltr'>de</span> <span class='ocrx_word' id='word_1_112' title='bbox 393 1967 537 2016; x_wconf 90' lang='lat' dir='ltr'>templo</span> 
     </span>
    </p>

    <p class='ocr_par' dir='ltr' id='par_1_9' title="bbox 128 2020 439 2057">
     <span class='ocr_line' id='line_1_34' title="bbox 128 2020 439 2057; baseline 0 0"><span class='ocrx_word' id='word_1_113' title='bbox 128 2020 212 2057; x_wconf 89' lang='lat' dir='ltr'>eicit</span> <span class='ocrx_word' id='word_1_114' title='bbox 231 2020 439 2057; x_wconf 88' lang='lat' dir='ltr'>uendentes</span> 
     </span>
    </p>

    <p class='ocr_par' dir='ltr' id='par_1_10' title="bbox 128 2072 625 2122">
     <span class='ocr_line' id='line_1_35' title="bbox 128 2072 625 2122; baseline 0.004 -13"><span class='ocrx_word' id='word_1_115' title='bbox 128 2083 251 2109; x_wconf 87' lang='lat' dir='ltr'><em>LXIIII</em></span> <span class='ocrx_word' id='word_1_116' title='bbox 259 2072 625 2122; x_wconf 65' lang='lat' dir='ltr'><em>Elinierrogauilihs</em></span> 
     </span>
    </p>

    <p class='ocr_par' dir='ltr' id='par_1_11' title="bbox 131 2127 495 2176">
     <span class='ocr_line' id='line_1_36' title="bbox 131 2127 495 2176; baseline 0.003 -13"><span class='ocrx_word' id='word_1_117' title='bbox 131 2127 365 2176; x_wconf 89' lang='lat' dir='ltr'>baptismum</span> <span class='ocrx_word' id='word_1_118' title='bbox 381 2127 495 2165; x_wconf 85' lang='lat' dir='ltr'>iohan</span> 
     </span>
    </p>

    <p class='ocr_par' dir='ltr' id='par_1_12' title="bbox 129 2180 408 2217">
     <span class='ocr_line' id='line_1_37' title="bbox 129 2180 408 2217; baseline 0 0"><span class='ocrx_word' id='word_1_119' title='bbox 129 2182 187 2217; x_wconf 89' lang='lat' dir='ltr'>nis</span> <span class='ocrx_word' id='word_1_120' title='bbox 210 2180 310 2217; x_wconf 91' lang='lat' dir='ltr'>unde</span> <span class='ocrx_word' id='word_1_121' title='bbox 330 2188 408 2217; x_wconf 89' lang='lat' dir='ltr'>erat</span> 
     </span>
    </p>

    <p class='ocr_par' dir='ltr' id='par_1_13' title="bbox 129 2233 613 2271">
     <span class='ocr_line' id='line_1_38' title="bbox 129 2233 613 2271; baseline 0.004 -2"><span class='ocrx_word' id='word_1_122' title='bbox 129 2243 207 2270; x_wconf 73' lang='lat' dir='ltr'><em>LXC</em></span> <span class='ocrx_word' id='word_1_123' title='bbox 225 2233 294 2270; x_wconf 65' lang='lat' dir='ltr'>Coe</span> <span class='ocrx_word' id='word_1_124' title='bbox 315 2235 521 2271; x_wconf 68' lang='lat' dir='ltr'><em>occiderunt</em></span> <span class='ocrx_word' id='word_1_125' title='bbox 534 2235 613 2271; x_wconf 75' lang='lat' dir='ltr'>do‘m</span> 
     </span>
    </p>

    <p class='ocr_par' dir='ltr' id='par_1_14' title="bbox 129 2288 518 2325">
     <span class='ocr_line' id='line_1_39' title="bbox 129 2288 518 2325; baseline 0.003 -1"><span class='ocrx_word' id='word_1_126' title='bbox 129 2288 265 2324; x_wconf 88' lang='lat' dir='ltr'>uineae</span> <span class='ocrx_word' id='word_1_127' title='bbox 286 2296 321 2324; x_wconf 88' lang='lat' dir='ltr'>et</span> <span class='ocrx_word' id='word_1_128' title='bbox 342 2288 406 2325; x_wconf 88' lang='lat' dir='ltr'>dat</span> <span class='ocrx_word' id='word_1_129' title='bbox 426 2289 518 2325; x_wconf 74' lang='lat' dir='ltr'>dom</span> 
     </span>
    </p>

    <p class='ocr_par' dir='ltr' id='par_1_15' title="bbox 129 2342 381 2379">
     <span class='ocr_line' id='line_1_40' title="bbox 129 2342 381 2379; baseline 0.008 -2"><span class='ocrx_word' id='word_1_130' title='bbox 129 2342 281 2378; x_wconf 79' lang='lat' dir='ltr'>uincam</span> <span class='ocrx_word' id='word_1_131' title='bbox 301 2342 381 2379; x_wconf 87' lang='lat' dir='ltr'>aliis</span> 
     </span>
    </p>

    <p class='ocr_par' dir='ltr' id='par_1_16' title="bbox 130 2394 627 2444">
     <span class='ocr_line' id='line_1_41' title="bbox 130 2394 627 2444; baseline 0.002 -13"><span class='ocrx_word' id='word_1_132' title='bbox 130 2405 222 2431; x_wconf 74' lang='lat' dir='ltr'><em>LXL&#39;I</em></span> <span class='ocrx_word' id='word_1_133' title='bbox 237 2394 392 2432; x_wconf 80' lang='lat' dir='ltr'>Reddite</span> <span class='ocrx_word' id='word_1_134' title='bbox 405 2408 472 2444; x_wconf 84' lang='lat' dir='ltr'>que</span> <span class='ocrx_word' id='word_1_135' title='bbox 491 2395 627 2432; x_wconf 86' lang='lat' dir='ltr'>cesaris</span> 
     </span>
    </p>

    <p class='ocr_par' dir='ltr' id='par_1_17' title="bbox 133 2448 536 2499">
     <span class='ocr_line' id='line_1_42' title="bbox 133 2448 536 2499; baseline 0.002 -14"><span class='ocrx_word' id='word_1_136' title='bbox 133 2455 219 2485; x_wconf 90' lang='lat' dir='ltr'>sunt</span> <span class='ocrx_word' id='word_1_137' title='bbox 239 2450 382 2486; x_wconf 86' lang='lat' dir='ltr'>caesari</span> <span class='ocrx_word' id='word_1_138' title='bbox 402 2461 476 2499; x_wconf 91' lang='lat' dir='ltr'>que</span> <span class='ocrx_word' id='word_1_139' title='bbox 496 2448 536 2486; x_wconf 78' lang='lat' dir='ltr'>di</span> 
     </span>
    </p>

    <p class='ocr_par' dir='ltr' id='par_1_18' title="bbox 131 2500 288 2539">
     <span class='ocr_line' id='line_1_43' title="bbox 131 2500 288 2539; baseline 0 -1"><span class='ocrx_word' id='word_1_140' title='bbox 131 2509 218 2539; x_wconf 90' lang='lat' dir='ltr'>sunt</span> <span class='ocrx_word' id='word_1_141' title='bbox 237 2500 288 2539; x_wconf 73' lang='lat' dir='ltr'>do</span> 
     </span>
    </p>

    <p class='ocr_par' dir='ltr' id='par_1_19' title="bbox 131 2555 620 2606">
     <span class='ocr_line' id='line_1_44' title="bbox 131 2555 620 2606; baseline 0.006 -16"><span class='ocrx_word' id='word_1_142' title='bbox 131 2565 241 2592; x_wconf 74' lang='lat' dir='ltr'><em>LXL‘II</em></span> <span class='ocrx_word' id='word_1_143' title='bbox 258 2555 317 2592; x_wconf 90' lang='lat' dir='ltr'>De</span> <span class='ocrx_word' id='word_1_144' title='bbox 335 2557 620 2606; x_wconf 75' lang='lat' dir='ltr'>septemfialres</span> 
     </span>
    </p>

    <p class='ocr_par' dir='ltr' id='par_1_20' title="bbox 133 2621 510 2658">
     <span class='ocr_line' id='line_1_45' title="bbox 133 2621 510 2658; baseline 0.005 -13"><span class='ocrx_word' id='word_1_145' title='bbox 133 2621 197 2658; x_wconf 83' lang='lat' dir='ltr'>qm</span> <span class='ocrx_word' id='word_1_146' title='bbox 218 2621 331 2646; x_wconf 90' lang='lat' dir='ltr'>unam</span> <span class='ocrx_word' id='word_1_147' title='bbox 351 2622 510 2647; x_wconf 83' lang='lat' dir='ltr'>uxorem</span> 
     </span>
    </p>

    <p class='ocr_par' dir='ltr' id='par_1_21' title="bbox 133 2663 543 2712">
     <span class='ocr_line' id='line_1_46' title="bbox 133 2663 543 2712; baseline 0.005 -13"><span class='ocrx_word' id='word_1_148' title='bbox 133 2663 346 2699; x_wconf 88' lang='lat' dir='ltr'>habuerunt</span> <span class='ocrx_word' id='word_1_149' title='bbox 366 2670 401 2700; x_wconf 90' lang='lat' dir='ltr'>et</span> <span class='ocrx_word' id='word_1_150' title='bbox 422 2667 492 2712; x_wconf 72' lang='lat' dir='ltr'>xps</span> <span class='ocrx_word' id='word_1_151' title='bbox 513 2663 543 2700; x_wconf 86' lang='lat' dir='ltr'>si</span> 
     </span>
    </p>

    <p class='ocr_par' dir='ltr' id='par_1_22' title="bbox 135 2714 535 2754">
     <span class='ocr_line' id='line_1_47' title="bbox 135 2714 535 2754; baseline 0.008 -3"><span class='ocrx_word' id='word_1_152' title='bbox 135 2716 232 2752; x_wconf 91' lang='lat' dir='ltr'>filius</span> <span class='ocrx_word' id='word_1_153' title='bbox 251 2715 290 2752; x_wconf 77' lang='lat' dir='ltr'>di</span> <span class='ocrx_word' id='word_1_154' title='bbox 310 2714 377 2752; x_wconf 88' lang='lat' dir='ltr'>fuit</span> <span class='ocrx_word' id='word_1_155' title='bbox 396 2717 535 2754; x_wconf 87' lang='lat' dir='ltr'>interro</span> 
     </span>
    </p>

    <p class='ocr_par' dir='ltr' id='par_1_23' title="bbox 133 2777 197 2818">
     <span class='ocr_line' id='line_1_48' title="bbox 133 2777 197 2818; baseline 0 -13"><span class='ocrx_word' id='word_1_156' title='bbox 133 2777 197 2818; x_wconf 87' lang='lat' dir='ltr'>gat</span> 
     </span>
    </p>

    <p class='ocr_par' dir='ltr' id='par_1_24' title="bbox 134 2820 632 2869">
     <span class='ocr_line' id='line_1_49' title="bbox 134 2820 632 2869; baseline 0.002 -11"><span class='ocrx_word' id='word_1_157' title='bbox 134 2820 323 2858; x_wconf 76' lang='lat' dir='ltr'><em>LXLIIIEl</em></span> <span class='ocrx_word' id='word_1_158' title='bbox 332 2822 522 2869; x_wconf 74' lang='lat' dir='ltr'><em>respiciens</em></span> <span class='ocrx_word' id='word_1_159' title='bbox 535 2823 632 2859; x_wconf 80' lang='lat' dir='ltr'><em>uidit</em></span> 
     </span>
    </p>

    <p class='ocr_par' dir='ltr' id='par_1_25' title="bbox 134 2876 496 2925">
     <span class='ocr_line' id='line_1_50' title="bbox 134 2876 496 2925; baseline -0.003 -12"><span class='ocrx_word' id='word_1_160' title='bbox 134 2888 233 2925; x_wconf 91' lang='lat' dir='ltr'>quae</span> <span class='ocrx_word' id='word_1_161' title='bbox 253 2876 496 2912; x_wconf 83' lang='lat' dir='ltr'>mittebantur</span> 
     </span>
    </p>

    <p class='ocr_par' dir='ltr' id='par_1_26' title="bbox 136 2929 411 2978">
     <span class='ocr_line' id='line_1_51' title="bbox 136 2929 411 2978; baseline -0.004 -12"><span class='ocrx_word' id='word_1_162' title='bbox 136 2931 175 2966; x_wconf 91' lang='lat' dir='ltr'>in</span> <span class='ocrx_word' id='word_1_163' title='bbox 195 2929 411 2978; x_wconf 85' lang='lat' dir='ltr'>gaiofilacio</span> 
     </span>
    </p>

    <p class='ocr_par' dir='ltr' id='par_1_27' title="bbox 135 2982 631 3020">
     <span class='ocr_line' id='line_1_52' title="bbox 135 2982 631 3020; baseline 0.002 -1"><span class='ocrx_word' id='word_1_164' title='bbox 135 2992 185 3019; x_wconf 85' lang='lat' dir='ltr'><em>LX</em></span> <span class='ocrx_word' id='word_1_165' title='bbox 189 2983 411 3020; x_wconf 73' lang='lat' dir='ltr'>t‘IIIIPonile</span> <span class='ocrx_word' id='word_1_166' title='bbox 417 2983 455 3019; x_wconf 83' lang='lat' dir='ltr'><em>in</em></span> <span class='ocrx_word' id='word_1_167' title='bbox 463 2982 631 3020; x_wconf 81' lang='lat' dir='ltr'><em>cordibus</em></span> 
     </span>
    </p>
   </div>
   <div class='ocr_carea' id='block_1_5' title="bbox 372 199 917 238">
    <p class='ocr_par' dir='ltr' id='par_1_28' title="bbox 372 199 917 238">
     <span class='ocr_line' id='line_1_53' title="bbox 372 199 917 238; baseline 0.004 -2"><span class='ocrx_word' id='word_1_168' title='bbox 372 200 416 236; x_wconf 84' lang='lat' dir='ltr'><em>E</em></span> <span class='ocrx_word' id='word_1_169' title='bbox 419 200 487 238; x_wconf 77' lang='lat' dir='ltr'>UA</span> <span class='ocrx_word' id='word_1_170' title='bbox 494 200 543 238; x_wconf 92' lang='lat' dir='ltr'><em>N</em></span> <span class='ocrx_word' id='word_1_171' title='bbox 544 199 691 238; x_wconf 81' lang='lat' dir='ltr'><em>GELI</em></span> <span class='ocrx_word' id='word_1_172' title='bbox 692 199 785 237; x_wconf 80' lang='lat' dir='ltr'>UM</span> <span class='ocrx_word' id='word_1_173' title='bbox 805 199 881 238; x_wconf 85' lang='lat' dir='ltr'>SE</span> <span class='ocrx_word' id='word_1_174' title='bbox 883 200 917 238; x_wconf 92' lang='lat' dir='ltr'><em>C</em></span> 
     </span>
    </p>
   </div>
   <div class='ocr_carea' id='block_1_6' title="bbox 657 331 1162 1650">
    <p class='ocr_par' dir='ltr' id='par_1_29' title="bbox 657 331 1162 1650">
     <span class='ocr_line' id='line_1_54' title="bbox 667 331 1045 378; baseline -0.003 -11"><span class='ocrx_word' id='word_1_175' title='bbox 667 331 798 367; x_wconf 88' lang='lat' dir='ltr'>uestris</span> <span class='ocrx_word' id='word_1_176' title='bbox 818 341 896 366; x_wconf 88' lang='lat' dir='ltr'>non</span> <span class='ocrx_word' id='word_1_177' title='bbox 917 341 1045 378; x_wconf 91' lang='lat' dir='ltr'>preme</span> 
     </span>
     <span class='ocr_line' id='line_1_55' title="bbox 667 381 1139 432; baseline -0.002 -12"><span class='ocrx_word' id='word_1_178' title='bbox 667 384 776 420; x_wconf 87' lang='lat' dir='ltr'>ditari</span> <span class='ocrx_word' id='word_1_179' title='bbox 798 383 834 419; x_wconf 90' lang='lat' dir='ltr'>in</span> <span class='ocrx_word' id='word_1_180' title='bbox 854 383 916 419; x_wconf 87' lang='lat' dir='ltr'>illa</span> <span class='ocrx_word' id='word_1_181' title='bbox 936 383 1030 420; x_wconf 85' lang='lat' dir='ltr'>hora</span> <span class='ocrx_word' id='word_1_182' title='bbox 1049 381 1139 432; x_wconf 93' lang='lat' dir='ltr'>quid</span> 
     </span>
     <span class='ocr_line' id='line_1_56' title="bbox 666 436 875 484; baseline -0.005 -11"><span class='ocrx_word' id='word_1_183' title='bbox 666 436 875 484; x_wconf 85' lang='lat' dir='ltr'>loquamini</span> 
     </span>
     <span class='ocr_line' id='line_1_57' title="bbox 664 488 1118 538; baseline 0.004 -14"><span class='ocrx_word' id='word_1_184' title='bbox 664 499 744 524; x_wconf 90' lang='lat' dir='ltr'>LXX</span> <span class='ocrx_word' id='word_1_185' title='bbox 762 489 822 526; x_wconf 88' lang='lat' dir='ltr'>De</span> <span class='ocrx_word' id='word_1_186' title='bbox 840 488 1004 526; x_wconf 81' lang='lat' dir='ltr'><em>arborem</em></span> <span class='ocrx_word' id='word_1_187' title='bbox 1013 490 1118 538; x_wconf 82' lang='lat' dir='ltr'>ficus</span> 
     </span>
     <span class='ocr_line' id='line_1_58' title="bbox 665 543 1069 580; baseline 0.002 -1"><span class='ocrx_word' id='word_1_188' title='bbox 665 543 777 580; x_wconf 89' lang='lat' dir='ltr'>dicite</span> <span class='ocrx_word' id='word_1_189' title='bbox 798 543 1069 580; x_wconf 66' lang='lat' dir='ltr'>similitudine—</span> 
     </span>
     <span class='ocr_line' id='line_1_59' title="bbox 665 596 1161 645; baseline 0.002 -14"><span class='ocrx_word' id='word_1_190' title='bbox 665 597 754 645; x_wconf 90' lang='lat' dir='ltr'>quia</span> <span class='ocrx_word' id='word_1_191' title='bbox 769 608 888 645; x_wconf 84' lang='lat' dir='ltr'>prope</span> <span class='ocrx_word' id='word_1_192' title='bbox 904 602 961 633; x_wconf 88' lang='lat' dir='ltr'>est</span> <span class='ocrx_word' id='word_1_193' title='bbox 980 597 1018 632; x_wconf 84' lang='lat' dir='ltr'>in</span> <span class='ocrx_word' id='word_1_194' title='bbox 1040 596 1161 633; x_wconf 90' lang='lat' dir='ltr'>ianuis</span> 
     </span>
     <span class='ocr_line' id='line_1_60' title="bbox 663 649 1161 687; baseline 0.002 -3"><span class='ocrx_word' id='word_1_195' title='bbox 663 659 760 685; x_wconf 86' lang='lat' dir='ltr'><em>LXXI</em></span> <span class='ocrx_word' id='word_1_196' title='bbox 776 649 948 686; x_wconf 79' lang='lat' dir='ltr'><em>Inlrauil</em></span> <span class='ocrx_word' id='word_1_197' title='bbox 958 654 1110 687; x_wconf 78' lang='lat' dir='ltr'>satanas</span> <span class='ocrx_word' id='word_1_198' title='bbox 1123 651 1161 686; x_wconf 84' lang='lat' dir='ltr'><em>in</em></span> 
     </span>
     <span class='ocr_line' id='line_1_61' title="bbox 1080 700 1162 754; baseline 0 -15"><span class='ocrx_word' id='word_1_199' title='bbox 1080 700 1162 754; x_wconf 86' lang='lat' dir='ltr'><em>[cor</em></span> 
     </span>
     <span class='ocr_line' id='line_1_62' title="bbox 663 756 1116 794; baseline 0 -2"><span class='ocrx_word' id='word_1_200' title='bbox 663 756 773 794; x_wconf 90' lang='lat' dir='ltr'>iudae</span> <span class='ocrx_word' id='word_1_201' title='bbox 795 763 835 792; x_wconf 91' lang='lat' dir='ltr'>ut</span> <span class='ocrx_word' id='word_1_202' title='bbox 854 756 1018 793; x_wconf 89' lang='lat' dir='ltr'>traderet</span> <span class='ocrx_word' id='word_1_203' title='bbox 1038 756 1116 792; x_wconf 81' lang='lat' dir='ltr'>ihm</span> 
     </span>
     <span class='ocr_line' id='line_1_63' title="bbox 662 809 1160 846; baseline 0 -1"><span class='ocrx_word' id='word_1_204' title='bbox 662 820 778 845; x_wconf 86' lang='lat' dir='ltr'><em>LXXII</em></span> <span class='ocrx_word' id='word_1_205' title='bbox 794 809 850 846; x_wconf 75' lang='lat' dir='ltr'>Et</span> <span class='ocrx_word' id='word_1_206' title='bbox 868 811 971 846; x_wconf 76' lang='lat' dir='ltr'>misit</span> <span class='ocrx_word' id='word_1_207' title='bbox 986 810 1066 846; x_wconf 68' lang='lat' dir='ltr'>dn&#39;zs</span> <span class='ocrx_word' id='word_1_208' title='bbox 1086 810 1160 845; x_wconf 84' lang='lat' dir='ltr'>dis-</span> 
     </span>
     <span class='ocr_line' id='line_1_64' title="bbox 663 859 1160 914; baseline -0.002 -15"><span class='ocrx_word' id='word_1_209' title='bbox 663 863 719 900; x_wconf 94' lang='lat' dir='ltr'>los</span> <span class='ocrx_word' id='word_1_210' title='bbox 740 870 775 899; x_wconf 88' lang='lat' dir='ltr'>et</span> <span class='ocrx_word' id='word_1_211' title='bbox 796 870 1025 911; x_wconf 86' lang='lat' dir='ltr'>parauerunt</span> <span class='ocrx_word' id='word_1_212' title='bbox 1059 859 1160 914; x_wconf 65' lang='lat' dir='ltr'><em>[cipu</em></span> 
     </span>
     <span class='ocr_line' id='line_1_65' title="bbox 660 916 1070 965; baseline -0.002 -12"><span class='ocrx_word' id='word_1_213' title='bbox 660 916 831 965; x_wconf 84' lang='lat' dir='ltr'>phascha</span> <span class='ocrx_word' id='word_1_214' title='bbox 851 916 943 952; x_wconf 79' lang='lat' dir='ltr'>dixit</span> <span class='ocrx_word' id='word_1_215' title='bbox 963 927 1070 952; x_wconf 89' lang='lat' dir='ltr'>sacra</span> 
     </span>
     <span class='ocr_line' id='line_1_66' title="bbox 663 977 1024 1016; baseline -0.003 -11"><span class='ocrx_word' id='word_1_216' title='bbox 663 977 831 1005; x_wconf 84' lang='lat' dir='ltr'>mentum</span> <span class='ocrx_word' id='word_1_217' title='bbox 853 980 1024 1016; x_wconf 81' lang='lat' dir='ltr'>corporis</span> 
     </span>
     <span class='ocr_line' id='line_1_67' title="bbox 661 1018 1160 1073; baseline -0.004 -14"><span class='ocrx_word' id='word_1_218' title='bbox 661 1030 696 1059; x_wconf 92' lang='lat' dir='ltr'>et</span> <span class='ocrx_word' id='word_1_219' title='bbox 717 1022 911 1069; x_wconf 85' lang='lat' dir='ltr'>sanguinis</span> <span class='ocrx_word' id='word_1_220' title='bbox 932 1022 989 1058; x_wconf 90' lang='lat' dir='ltr'>sui</span> <span class='ocrx_word' id='word_1_221' title='bbox 1070 1018 1160 1073; x_wconf 87' lang='lat' dir='ltr'>[esse</span> 
     </span>
     <span class='ocr_line' id='line_1_68' title="bbox 659 1075 1159 1120; baseline 0.002 -10"><span class='ocrx_word' id='word_1_222' title='bbox 659 1085 795 1111; x_wconf 86' lang='lat' dir='ltr'><em>LXXIII</em></span> <span class='ocrx_word' id='word_1_223' title='bbox 816 1075 894 1120; x_wconf 76' lang='lat' dir='ltr'>Qui</span> <span class='ocrx_word' id='word_1_224' title='bbox 914 1076 982 1111; x_wconf 81' lang='lat' dir='ltr'>nul</span> <span class='ocrx_word' id='word_1_225' title='bbox 997 1076 1038 1111; x_wconf 88' lang='lat' dir='ltr'><em>in</em></span> <span class='ocrx_word' id='word_1_226' title='bbox 1058 1075 1159 1112; x_wconf 81' lang='lat' dir='ltr'>uobis</span> 
     </span>
     <span class='ocr_line' id='line_1_69' title="bbox 659 1129 1058 1165; baseline 0 -1"><span class='ocrx_word' id='word_1_227' title='bbox 659 1129 779 1165; x_wconf 89' lang='lat' dir='ltr'>maior</span> <span class='ocrx_word' id='word_1_228' title='bbox 799 1129 865 1165; x_wconf 87' lang='lat' dir='ltr'>erit</span> <span class='ocrx_word' id='word_1_229' title='bbox 886 1129 1058 1165; x_wconf 88' lang='lat' dir='ltr'>minister</span> 
     </span>
     <span class='ocr_line' id='line_1_70' title="bbox 658 1181 1159 1227; baseline 0.004 -10"><span class='ocrx_word' id='word_1_230' title='bbox 658 1191 809 1218; x_wconf 85' lang='lat' dir='ltr'><em>LXXIIII</em></span> <span class='ocrx_word' id='word_1_231' title='bbox 831 1181 907 1227; x_wconf 74' lang='lat' dir='ltr'>Qus·</span> <span class='ocrx_word' id='word_1_232' title='bbox 925 1183 1030 1219; x_wconf 81' lang='lat' dir='ltr'><em>habet</em></span> <span class='ocrx_word' id='word_1_233' title='bbox 1049 1182 1159 1219; x_wconf 85' lang='lat' dir='ltr'>sacel-</span> 
     </span>
     <span class='ocr_line' id='line_1_71' title="bbox 659 1233 1156 1288; baseline 0.002 -16"><span class='ocrx_word' id='word_1_234' title='bbox 659 1237 765 1273; x_wconf 88' lang='lat' dir='ltr'>tollat</span> <span class='ocrx_word' id='word_1_235' title='bbox 785 1244 821 1273; x_wconf 88' lang='lat' dir='ltr'>et</span> <span class='ocrx_word' id='word_1_236' title='bbox 840 1248 973 1284; x_wconf 86' lang='lat' dir='ltr'>peram</span> <span class='ocrx_word' id='word_1_237' title='bbox 993 1244 1029 1273; x_wconf 91' lang='lat' dir='ltr'>et</span> <span class='ocrx_word' id='word_1_238' title='bbox 1062 1233 1156 1288; x_wconf 86' lang='lat' dir='ltr'>[lum</span> 
     </span>
     <span class='ocr_line' id='line_1_72' title="bbox 661 1290 1054 1339; baseline 0 -13"><span class='ocrx_word' id='word_1_239' title='bbox 661 1290 725 1339; x_wconf 91' lang='lat' dir='ltr'>qui</span> <span class='ocrx_word' id='word_1_240' title='bbox 745 1302 825 1326; x_wconf 90' lang='lat' dir='ltr'>non</span> <span class='ocrx_word' id='word_1_241' title='bbox 846 1290 959 1327; x_wconf 88' lang='lat' dir='ltr'>habet</span> <span class='ocrx_word' id='word_1_242' title='bbox 978 1302 1054 1327; x_wconf 88' lang='lat' dir='ltr'>uen</span> 
     </span>
     <span class='ocr_line' id='line_1_73' title="bbox 660 1344 1049 1381; baseline 0 -1"><span class='ocrx_word' id='word_1_243' title='bbox 660 1344 723 1380; x_wconf 92' lang='lat' dir='ltr'>dat</span> <span class='ocrx_word' id='word_1_244' title='bbox 743 1344 870 1381; x_wconf 88' lang='lat' dir='ltr'>tunica</span> <span class='ocrx_word' id='word_1_245' title='bbox 890 1351 927 1381; x_wconf 91' lang='lat' dir='ltr'>et</span> <span class='ocrx_word' id='word_1_246' title='bbox 947 1350 1049 1380; x_wconf 87' lang='lat' dir='ltr'>emat</span> 
     </span>
     <span class='ocr_line' id='line_1_74' title="bbox 658 1397 826 1445; baseline 0 -12"><span class='ocrx_word' id='word_1_247' title='bbox 658 1397 826 1445; x_wconf 83' lang='lat' dir='ltr'>gladium</span> 
     </span>
     <span class='ocr_line' id='line_1_75' title="bbox 657 1450 1156 1488; baseline 0.002 -2"><span class='ocrx_word' id='word_1_248' title='bbox 657 1460 762 1486; x_wconf 71' lang='lat' dir='ltr'>LXXLv</span> <span class='ocrx_word' id='word_1_249' title='bbox 778 1450 834 1487; x_wconf 74' lang='lat' dir='ltr'>Et</span> <span class='ocrx_word' id='word_1_250' title='bbox 851 1452 889 1487; x_wconf 90' lang='lat' dir='ltr'><em>in</em></span> <span class='ocrx_word' id='word_1_251' title='bbox 906 1455 1056 1488; x_wconf 74' lang='lat' dir='ltr'>montem</span> <span class='ocrx_word' id='word_1_252' title='bbox 1076 1464 1156 1488; x_wconf 86' lang='lat' dir='ltr'>cum</span> 
     </span>
     <span class='ocr_line' id='line_1_76' title="bbox 659 1505 1044 1543; baseline 0 -1"><span class='ocrx_word' id='word_1_253' title='bbox 659 1505 762 1542; x_wconf 89' lang='lat' dir='ltr'>solus</span> <span class='ocrx_word' id='word_1_254' title='bbox 783 1513 879 1542; x_wconf 88' lang='lat' dir='ltr'>esset</span> <span class='ocrx_word' id='word_1_255' title='bbox 903 1512 939 1542; x_wconf 93' lang='lat' dir='ltr'>et</span> <span class='ocrx_word' id='word_1_256' title='bbox 958 1517 1044 1543; x_wconf 90' lang='lat' dir='ltr'>oras</span> 
     </span>
     <span class='ocr_line' id='line_1_77' title="bbox 658 1558 1037 1607; baseline 0 -11"><span class='ocrx_word' id='word_1_257' title='bbox 658 1567 712 1596; x_wconf 84' lang='lat' dir='ltr'>set</span> <span class='ocrx_word' id='word_1_258' title='bbox 733 1559 825 1596; x_wconf 80' lang='lat' dir='ltr'>dixit</span> <span class='ocrx_word' id='word_1_259' title='bbox 845 1558 1037 1607; x_wconf 87' lang='lat' dir='ltr'>discipulis</span> 
     </span>
     <span class='ocr_line' id='line_1_78' title="bbox 657 1613 1050 1650; baseline 0.003 -1"><span class='ocrx_word' id='word_1_260' title='bbox 657 1620 759 1650; x_wconf 91' lang='lat' dir='ltr'>orate</span> <span class='ocrx_word' id='word_1_261' title='bbox 781 1625 828 1650; x_wconf 89' lang='lat' dir='ltr'>ne</span> <span class='ocrx_word' id='word_1_262' title='bbox 848 1613 991 1650; x_wconf 90' lang='lat' dir='ltr'>intretis</span> <span class='ocrx_word' id='word_1_263' title='bbox 1011 1613 1050 1650; x_wconf 91' lang='lat' dir='ltr'>in</span> 
     </span>
    </p>
   </div>
   <div class='ocr_carea' id='block_1_7' title="bbox 654 1698 1161 2651">
    <p class='ocr_par' dir='ltr' id='par_1_30' title="bbox 655 1698 945 1747">
     <span class='ocr_line' id='line_1_79' title="bbox 655 1698 945 1747; baseline 0 -12"><span class='ocrx_word' id='word_1_264' title='bbox 655 1698 945 1747; x_wconf 73' lang='lat' dir='ltr'>temptationem</span> 
     </span>
    </p>

    <p class='ocr_par' dir='ltr' id='par_1_31' title="bbox 654 1752 1158 2018">
     <span class='ocr_line' id='line_1_80' title="bbox 654 1752 1158 1790; baseline 0.004 -3"><span class='ocrx_word' id='word_1_265' title='bbox 654 1762 774 1788; x_wconf 66' lang='lat' dir='ltr'><em>LXXL&#39;I</em></span> <span class='ocrx_word' id='word_1_266' title='bbox 792 1752 847 1788; x_wconf 79' lang='lat' dir='ltr'>Et</span> <span class='ocrx_word' id='word_1_267' title='bbox 864 1753 968 1790; x_wconf 76' lang='lat' dir='ltr'><em>dixit</em></span> <span class='ocrx_word' id='word_1_268' title='bbox 980 1752 1038 1789; x_wconf 68' lang='lat' dir='ltr'>ihs</span> <span class='ocrx_word' id='word_1_269' title='bbox 1053 1753 1158 1789; x_wconf 82' lang='lat' dir='ltr'>iudae</span> 
     </span>
     <span class='ocr_line' id='line_1_81' title="bbox 654 1806 1043 1844; baseline 0.005 -2"><span class='ocrx_word' id='word_1_270' title='bbox 654 1806 830 1843; x_wconf 85' lang='lat' dir='ltr'>osculum</span> <span class='ocrx_word' id='word_1_271' title='bbox 852 1806 971 1842; x_wconf 90' lang='lat' dir='ltr'>filium</span> <span class='ocrx_word' id='word_1_272' title='bbox 991 1807 1043 1844; x_wconf 93' lang='lat' dir='ltr'>ho</span> 
     </span>
     <span class='ocr_line' id='line_1_82' title="bbox 656 1857 1155 1912; baseline 0 -16"><span class='ocrx_word' id='word_1_273' title='bbox 656 1860 768 1896; x_wconf 82' lang='lat' dir='ltr'>minis</span> <span class='ocrx_word' id='word_1_274' title='bbox 784 1860 898 1898; x_wconf 85' lang='lat' dir='ltr'>tradis</span> <span class='ocrx_word' id='word_1_275' title='bbox 1060 1857 1155 1912; x_wconf 78' lang='lat' dir='ltr'>[ihm</span> 
     </span>
     <span class='ocr_line' id='line_1_83' title="bbox 656 1914 1156 1951; baseline 0.006 -3"><span class='ocrx_word' id='word_1_276' title='bbox 656 1922 795 1948; x_wconf 73' lang='lat' dir='ltr'><em>LXXI’II</em></span> <span class='ocrx_word' id='word_1_277' title='bbox 820 1914 870 1951; x_wconf 88' lang='lat' dir='ltr'>Et</span> <span class='ocrx_word' id='word_1_278' title='bbox 899 1914 1079 1951; x_wconf 83' lang='lat' dir='ltr'>dixerunt</span> <span class='ocrx_word' id='word_1_279' title='bbox 1107 1914 1156 1951; x_wconf 89' lang='lat' dir='ltr'>ad</span> 
     </span>
     <span class='ocr_line' id='line_1_84' title="bbox 657 1968 1102 2018; baseline 0 -14"><span class='ocrx_word' id='word_1_280' title='bbox 657 1968 838 2018; x_wconf 88' lang='lat' dir='ltr'>principis</span> <span class='ocrx_word' id='word_1_281' title='bbox 860 1968 1102 2005; x_wconf 87' lang='lat' dir='ltr'>sacerdotum</span> 
     </span>
    </p>

    <p class='ocr_par' dir='ltr' id='par_1_32' title="bbox 659 2021 1161 2339">
     <span class='ocr_line' id='line_1_85' title="bbox 659 2021 1113 2070; baseline 0 -12"><span class='ocrx_word' id='word_1_282' title='bbox 659 2023 689 2059; x_wconf 89' lang='lat' dir='ltr'>si</span> <span class='ocrx_word' id='word_1_283' title='bbox 709 2030 749 2058; x_wconf 91' lang='lat' dir='ltr'>tu</span> <span class='ocrx_word' id='word_1_284' title='bbox 769 2034 808 2058; x_wconf 92' lang='lat' dir='ltr'>es</span> <span class='ocrx_word' id='word_1_285' title='bbox 829 2025 900 2070; x_wconf 71' lang='lat' dir='ltr'>xps</span> <span class='ocrx_word' id='word_1_286' title='bbox 921 2021 982 2058; x_wconf 91' lang='lat' dir='ltr'>dic</span> <span class='ocrx_word' id='word_1_287' title='bbox 1001 2022 1113 2059; x_wconf 90' lang='lat' dir='ltr'>nobis</span> 
     </span>
     <span class='ocr_line' id='line_1_86' title="bbox 659 2075 1043 2124; baseline -0.003 -11"><span class='ocrx_word' id='word_1_288' title='bbox 659 2083 695 2113; x_wconf 90' lang='lat' dir='ltr'>et</span> <span class='ocrx_word' id='word_1_289' title='bbox 715 2075 934 2124; x_wconf 83' lang='lat' dir='ltr'>optulerunt</span> <span class='ocrx_word' id='word_1_290' title='bbox 953 2087 1043 2112; x_wconf 86' lang='lat' dir='ltr'>eum</span> 
     </span>
     <span class='ocr_line' id='line_1_87' title="bbox 659 2127 1161 2181; baseline 0.002 -16"><span class='ocrx_word' id='word_1_291' title='bbox 659 2129 777 2178; x_wconf 84' lang='lat' dir='ltr'>pilato</span> <span class='ocrx_word' id='word_1_292' title='bbox 797 2137 833 2166; x_wconf 87' lang='lat' dir='ltr'>et</span> <span class='ocrx_word' id='word_1_293' title='bbox 853 2129 984 2166; x_wconf 86' lang='lat' dir='ltr'>herodi</span> <span class='ocrx_word' id='word_1_294' title='bbox 1036 2127 1161 2181; x_wconf 76' lang='lat' dir='ltr'><em>[dixit</em></span> 
     </span>
     <span class='ocr_line' id='line_1_88' title="bbox 659 2182 1160 2232; baseline 0.006 -15"><span class='ocrx_word' id='word_1_295' title='bbox 659 2192 815 2218; x_wconf 78' lang='lat' dir='ltr'><em>LXXL‘III</em></span> <span class='ocrx_word' id='word_1_296' title='bbox 841 2182 900 2219; x_wconf 77' lang='lat' dir='ltr'>Et</span> <span class='ocrx_word' id='word_1_297' title='bbox 926 2184 964 2219; x_wconf 88' lang='lat' dir='ltr'><em>in</em></span> <span class='ocrx_word' id='word_1_298' title='bbox 987 2185 1160 2232; x_wconf 81' lang='lat' dir='ltr'><em>passione</em></span> 
     </span>
     <span class='ocr_line' id='line_1_89' title="bbox 659 2237 1101 2285; baseline 0.002 -12"><span class='ocrx_word' id='word_1_299' title='bbox 659 2237 717 2273; x_wconf 77' lang='lat' dir='ltr'>ihs</span> <span class='ocrx_word' id='word_1_300' title='bbox 738 2244 844 2285; x_wconf 90' lang='lat' dir='ltr'>pater</span> <span class='ocrx_word' id='word_1_301' title='bbox 864 2237 1009 2274; x_wconf 90' lang='lat' dir='ltr'>dimitte</span> <span class='ocrx_word' id='word_1_302' title='bbox 1030 2237 1101 2274; x_wconf 89' lang='lat' dir='ltr'>illis</span> 
     </span>
     <span class='ocr_line' id='line_1_90' title="bbox 660 2290 1067 2339; baseline 0.002 -13"><span class='ocrx_word' id='word_1_303' title='bbox 660 2290 749 2339; x_wconf 89' lang='lat' dir='ltr'>quia</span> <span class='ocrx_word' id='word_1_304' title='bbox 769 2291 942 2327; x_wconf 89' lang='lat' dir='ltr'>nesciunt</span> <span class='ocrx_word' id='word_1_305' title='bbox 962 2303 982 2327; x_wconf 93' lang='lat' dir='ltr'>e</span> <span class='ocrx_word' id='word_1_306' title='bbox 1001 2291 1067 2327; x_wconf 90' lang='lat' dir='ltr'>uni</span> 
     </span>
    </p>

    <p class='ocr_par' dir='ltr' id='par_1_33' title="bbox 660 2343 1040 2435">
     <span class='ocr_line' id='line_1_91' title="bbox 660 2343 1040 2381; baseline 0.003 -1"><span class='ocrx_word' id='word_1_307' title='bbox 660 2344 707 2380; x_wconf 91' lang='lat' dir='ltr'>de</span> <span class='ocrx_word' id='word_1_308' title='bbox 726 2343 932 2380; x_wconf 84' lang='lat' dir='ltr'>latronibus</span> <span class='ocrx_word' id='word_1_309' title='bbox 952 2344 1040 2381; x_wconf 87' lang='lat' dir='ltr'>dicit</span> 
     </span>
     <span class='ocr_line' id='line_1_92' title="bbox 661 2397 1037 2435; baseline 0.005 -2"><span class='ocrx_word' id='word_1_310' title='bbox 661 2397 774 2434; x_wconf 88' lang='lat' dir='ltr'>hodie</span> <span class='ocrx_word' id='word_1_311' title='bbox 794 2409 946 2434; x_wconf 89' lang='lat' dir='ltr'>mecum</span> <span class='ocrx_word' id='word_1_312' title='bbox 965 2399 1037 2435; x_wconf 91' lang='lat' dir='ltr'>eris</span> 
     </span>
    </p>

    <p class='ocr_par' dir='ltr' id='par_1_34' title="bbox 661 2449 1159 2608">
     <span class='ocr_line' id='line_1_93' title="bbox 662 2449 1159 2503; baseline 0.002 -16"><span class='ocrx_word' id='word_1_313' title='bbox 662 2451 700 2487; x_wconf 90' lang='lat' dir='ltr'>in</span> <span class='ocrx_word' id='word_1_314' title='bbox 719 2450 896 2499; x_wconf 88' lang='lat' dir='ltr'>paradiso</span> <span class='ocrx_word' id='word_1_315' title='bbox 1047 2449 1159 2503; x_wconf 80' lang='lat' dir='ltr'><em>[lione</em></span> 
     </span>
     <span class='ocr_line' id='line_1_94' title="bbox 661 2505 1158 2543; baseline 0.006 -3"><span class='ocrx_word' id='word_1_316' title='bbox 661 2514 835 2541; x_wconf 79' lang='lat' dir='ltr'><em>LXXLIIII</em></span> <span class='ocrx_word' id='word_1_317' title='bbox 852 2505 950 2541; x_wconf 80' lang='lat' dir='ltr'>Post</span> <span class='ocrx_word' id='word_1_318' title='bbox 973 2517 1158 2543; x_wconf 79' lang='lat' dir='ltr'>resurrec-</span> 
     </span>
     <span class='ocr_line' id='line_1_95' title="bbox 661 2558 1082 2608; baseline 0 -12"><span class='ocrx_word' id='word_1_319' title='bbox 661 2559 834 2608; x_wconf 86' lang='lat' dir='ltr'>apparuit</span> <span class='ocrx_word' id='word_1_320' title='bbox 855 2559 912 2595; x_wconf 82' lang='lat' dir='ltr'>ihs</span> <span class='ocrx_word' id='word_1_321' title='bbox 933 2558 1082 2596; x_wconf 92' lang='lat' dir='ltr'>duobus</span> 
     </span>
    </p>

    <p class='ocr_par' dir='ltr' id='par_1_35' title="bbox 662 2612 1058 2651">
     <span class='ocr_line' id='line_1_96' title="bbox 662 2612 1058 2651; baseline -0.005 0"><span class='ocrx_word' id='word_1_322' title='bbox 662 2625 710 2651; x_wconf 91' lang='lat' dir='ltr'>eu</span> <span class='ocrx_word' id='word_1_323' title='bbox 740 2614 840 2649; x_wconf 88' lang='lat' dir='ltr'>tibus</span> <span class='ocrx_word' id='word_1_324' title='bbox 860 2612 909 2649; x_wconf 87' lang='lat' dir='ltr'>ad</span> <span class='ocrx_word' id='word_1_325' title='bbox 930 2612 1058 2649; x_wconf 88' lang='lat' dir='ltr'>uillam</span> 
     </span>
    </p>
   </div>
   <div class='ocr_carea' id='block_1_8' title="bbox 662 2699 1122 2790">
    <p class='ocr_par' dir='ltr' id='par_1_36' title="bbox 662 2699 1122 2790">
     <span class='ocr_line' id='line_1_97' title="bbox 662 2699 1122 2749; baseline 0.002 -13"><span class='ocrx_word' id='word_1_326' title='bbox 662 2706 697 2736; x_wconf 88' lang='lat' dir='ltr'>et</span> <span class='ocrx_word' id='word_1_327' title='bbox 714 2699 871 2749; x_wconf 86' lang='lat' dir='ltr'>postolis</span> <span class='ocrx_word' id='word_1_328' title='bbox 890 2699 1122 2737; x_wconf 84' lang='lat' dir='ltr'>benedicens</span> 
     </span>
     <span class='ocr_line' id='line_1_98' title="bbox 662 2753 1089 2790; baseline -0.002 0"><span class='ocrx_word' id='word_1_329' title='bbox 662 2765 729 2790; x_wconf 88' lang='lat' dir='ltr'>eos</span> <span class='ocrx_word' id='word_1_330' title='bbox 749 2753 920 2790; x_wconf 83' lang='lat' dir='ltr'>ascendit</span> <span class='ocrx_word' id='word_1_331' title='bbox 939 2753 979 2789; x_wconf 90' lang='lat' dir='ltr'>in</span> <span class='ocrx_word' id='word_1_332' title='bbox 998 2753 1089 2790; x_wconf 85' lang='lat' dir='ltr'>celis</span> 
     </span>
    </p>
   </div>
   <div class='ocr_carea' id='block_1_9' title="bbox 676 2859 1158 3121">
    <p class='ocr_par' dir='ltr' id='par_1_37' title="bbox 677 2859 1158 2949">
     <span class='ocr_line' id='line_1_99' title="bbox 677 2859 1158 2897; baseline 0.002 -2"><span class='ocrx_word' id='word_1_333' title='bbox 677 2859 956 2896; x_wconf 81' lang='lat' dir='ltr'>CAPITULA</span> <span class='ocrx_word' id='word_1_334' title='bbox 983 2859 1158 2897; x_wconf 73' lang='lat' dir='ltr'><em>EL’AN-</em></span> 
     </span>
     <span class='ocr_line' id='line_1_100' title="bbox 772 2911 901 2949; baseline -0.008 0"><span class='ocrx_word' id='word_1_335' title='bbox 772 2911 901 2949; x_wconf 89' lang='lat' dir='ltr'><strong>GELI</strong></span> 
     </span>
    </p>

    <p class='ocr_par' dir='ltr' id='par_1_38' title="bbox 676 2985 1158 3067">
     <span class='ocr_line' id='line_1_101' title="bbox 676 2985 1158 3067; baseline 0 -12"><span class='ocrx_word' id='word_1_336' title='bbox 676 2985 899 3066; x_wconf 56' lang='grc' dir='ltr'>ἰῑὲσᾹΝξ</span> <span class='ocrx_word' id='word_1_337' title='bbox 921 2986 1049 3067; x_wconf 64' lang='lat' dir='ltr'>E&#39;PL&#39;(</span> <span class='ocrx_word' id='word_1_338' title='bbox 1082 2987 1090 2995; x_wconf 83' lang='lat'><strong><em>&#39;</em></strong></span> <span class='ocrx_word' id='word_1_339' title='bbox 1150 2988 1158 2996; x_wconf 84' lang='lat'><strong><em>&#39;</em></strong></span> 
     </span>
    </p>

    <p class='ocr_par' dir='ltr' id='par_1_39' title="bbox 678 3070 1084 3121">
     <span class='ocr_line' id='line_1_102' title="bbox 678 3070 1084 3121; baseline 0.002 -14"><span class='ocrx_word' id='word_1_340' title='bbox 678 3070 773 3108; x_wconf 90' lang='lat' dir='ltr'>INC</span> <span class='ocrx_word' id='word_1_341' title='bbox 788 3091 796 3099; x_wconf 91' lang='lat'><strong>·</strong></span> <span class='ocrx_word' id='word_1_342' title='bbox 812 3070 1084 3121; x_wconf 72' lang='lat' dir='ltr'>EIUSDEM&lt;</span> 
     </span>
    </p>
   </div>
   <div class='ocr_carea' id='block_1_10' title="bbox 682 3173 1138 3228">
    <p class='ocr_par' dir='ltr' id='par_1_40' title="bbox 682 3173 1138 3228">
     <span class='ocr_line' id='line_1_103' title="bbox 682 3173 1138 3228; baseline 0.013 -19"><span class='ocrx_word' id='word_1_343' title='bbox 682 3173 806 3215; x_wconf 79' lang='lat' dir='ltr'>ARG</span> <span class='ocrx_word' id='word_1_344' title='bbox 815 3177 1138 3228; x_wconf 72' lang='lat' dir='ltr'>UMENTL&#39;M(</span> 
     </span>
    </p>
   </div>
   <div class='ocr_carea' id='block_1_11' title="bbox 1633 201 1934 241">
    <p class='ocr_par' dir='ltr' id='par_1_41' title="bbox 1633 201 1934 241">
     <span class='ocr_line' id='line_1_104' title="bbox 1633 201 1934 241; baseline 0.01 -3"><span class='ocrx_word' id='word_1_345' title='bbox 1633 201 1669 238; x_wconf 84' lang='lat' dir='ltr'><em>L</em></span> <span class='ocrx_word' id='word_1_346' title='bbox 1677 201 1784 240; x_wconf 80' lang='lat' dir='ltr'>UCA</span> <span class='ocrx_word' id='word_1_347' title='bbox 1790 201 1934 241; x_wconf 80' lang='lat' dir='ltr'>NUM</span> 
     </span>
    </p>
   </div>
   <div class='ocr_carea' id='block_1_12' title="bbox 1230 287 1583 378">
    <p class='ocr_par' dir='ltr' id='par_1_42' title="bbox 1230 287 1583 378">
     <span class='ocr_line' id='line_1_105' title="bbox 1233 287 1393 317; baseline 0.006 -1"><span class='ocrx_word' id='word_1_348' title='bbox 1233 287 1314 317; x_wconf 76' lang='lat' dir='ltr'>Fol.</span> <span class='ocrx_word' id='word_1_349' title='bbox 1332 288 1393 317; x_wconf 85' lang='lat'>90.</span> 
     </span>
     <span class='ocr_line' id='line_1_106' title="bbox 1230 329 1583 378; baseline -0.003 -12"><span class='ocrx_word' id='word_1_350' title='bbox 1230 329 1306 366; x_wconf 86' lang='lat' dir='ltr'>Esl</span> <span class='ocrx_word' id='word_1_351' title='bbox 1321 329 1461 378; x_wconf 78' lang='lat' dir='ltr'><em>quidem</em></span> <span class='ocrx_word' id='word_1_352' title='bbox 1479 329 1583 366; x_wconf 83' lang='lat' dir='ltr'>lucas</span> 
     </span>
    </p>
   </div>
   <div class='ocr_carea' id='block_1_13' title="bbox 1225 383 1722 1609">
    <p class='ocr_par' dir='ltr' id='par_1_43' title="bbox 1226 383 1648 1179">
     <span class='ocr_line' id='line_1_107' title="bbox 1231 383 1613 429; baseline 0 -10"><span class='ocrx_word' id='word_1_353' title='bbox 1231 383 1485 419; x_wconf 87' lang='lat' dir='ltr'>anthiocensis</span> <span class='ocrx_word' id='word_1_354' title='bbox 1505 394 1613 429; x_wconf 79' lang='lat' dir='ltr'>syrus</span> 
     </span>
     <span class='ocr_line' id='line_1_108' title="bbox 1230 435 1613 473; baseline -0.003 0"><span class='ocrx_word' id='word_1_355' title='bbox 1230 444 1308 473; x_wconf 89' lang='lat' dir='ltr'>arte</span> <span class='ocrx_word' id='word_1_356' title='bbox 1329 436 1500 472; x_wconf 88' lang='lat' dir='ltr'>medicus</span> <span class='ocrx_word' id='word_1_357' title='bbox 1520 435 1613 472; x_wconf 90' lang='lat' dir='ltr'>disci</span> 
     </span>
     <span class='ocr_line' id='line_1_109' title="bbox 1231 488 1625 538; baseline -0.003 -12"><span class='ocrx_word' id='word_1_358' title='bbox 1231 490 1341 538; x_wconf 88' lang='lat' dir='ltr'>pulus</span> <span class='ocrx_word' id='word_1_359' title='bbox 1363 488 1625 537; x_wconf 87' lang='lat' dir='ltr'>apostolorum</span> 
     </span>
     <span class='ocr_line' id='line_1_110' title="bbox 1229 542 1647 591; baseline -0.002 -12"><span class='ocrx_word' id='word_1_360' title='bbox 1229 550 1361 591; x_wconf 89' lang='lat' dir='ltr'>postea</span> <span class='ocrx_word' id='word_1_361' title='bbox 1380 554 1472 579; x_wconf 88' lang='lat' dir='ltr'>uero</span> <span class='ocrx_word' id='word_1_362' title='bbox 1491 542 1647 590; x_wconf 89' lang='lat' dir='ltr'>paulum</span> 
     </span>
     <span class='ocr_line' id='line_1_111' title="bbox 1229 596 1628 644; baseline 0 -12"><span class='ocrx_word' id='word_1_363' title='bbox 1229 604 1378 633; x_wconf 90' lang='lat' dir='ltr'>secutus</span> <span class='ocrx_word' id='word_1_364' title='bbox 1397 602 1453 632; x_wconf 89' lang='lat' dir='ltr'>est</span> <span class='ocrx_word' id='word_1_365' title='bbox 1473 607 1556 644; x_wconf 89' lang='lat' dir='ltr'>usq·</span> <span class='ocrx_word' id='word_1_366' title='bbox 1577 596 1628 633; x_wconf 91' lang='lat' dir='ltr'>ad</span> 
     </span>
     <span class='ocr_line' id='line_1_112' title="bbox 1229 649 1608 686; baseline -0.003 0"><span class='ocrx_word' id='word_1_367' title='bbox 1229 649 1508 686; x_wconf 89' lang='lat' dir='ltr'>confessionem</span> <span class='ocrx_word' id='word_1_368' title='bbox 1529 649 1608 686; x_wconf 89' lang='lat' dir='ltr'>eius</span> 
     </span>
     <span class='ocr_line' id='line_1_113' title="bbox 1229 703 1599 740; baseline -0.005 0"><span class='ocrx_word' id='word_1_369' title='bbox 1229 704 1396 740; x_wconf 88' lang='lat' dir='ltr'>seruiens</span> <span class='ocrx_word' id='word_1_370' title='bbox 1418 703 1496 739; x_wconf 78' lang='lat' dir='ltr'>dfio</span> <span class='ocrx_word' id='word_1_371' title='bbox 1518 704 1599 739; x_wconf 89' lang='lat' dir='ltr'>sine</span> 
     </span>
     <span class='ocr_line' id='line_1_114' title="bbox 1229 756 1586 793; baseline 0 -1"><span class='ocrx_word' id='word_1_372' title='bbox 1229 756 1386 793; x_wconf 88' lang='lat' dir='ltr'>crimine</span> <span class='ocrx_word' id='word_1_373' title='bbox 1423 767 1586 793; x_wconf 84' lang='lat' dir='ltr'>uxorem</span> 
     </span>
     <span class='ocr_line' id='line_1_115' title="bbox 1228 809 1592 858; baseline 0 -13"><span class='ocrx_word' id='word_1_374' title='bbox 1228 821 1438 858; x_wconf 87' lang='lat' dir='ltr'>numquam</span> <span class='ocrx_word' id='word_1_375' title='bbox 1458 809 1592 846; x_wconf 89' lang='lat' dir='ltr'>habuit</span> 
     </span>
     <span class='ocr_line' id='line_1_116' title="bbox 1226 862 1646 911; baseline 0 -13"><span class='ocrx_word' id='word_1_376' title='bbox 1226 862 1324 899; x_wconf 89' lang='lat' dir='ltr'>filios</span> <span class='ocrx_word' id='word_1_377' title='bbox 1343 874 1556 911; x_wconf 86' lang='lat' dir='ltr'>numquam</span> <span class='ocrx_word' id='word_1_378' title='bbox 1575 874 1646 911; x_wconf 92' lang='lat' dir='ltr'>pro</span> 
     </span>
     <span class='ocr_line' id='line_1_117' title="bbox 1227 916 1648 953; baseline 0 -1"><span class='ocrx_word' id='word_1_379' title='bbox 1227 916 1369 952; x_wconf 90' lang='lat' dir='ltr'>creauit</span> <span class='ocrx_word' id='word_1_380' title='bbox 1388 928 1536 953; x_wconf 81' lang='lat' dir='ltr'>Lxxnn-</span> <span class='ocrx_word' id='word_1_381' title='bbox 1558 927 1648 952; x_wconf 86' lang='lat' dir='ltr'>ann·</span> 
     </span>
     <span class='ocr_line' id='line_1_118' title="bbox 1226 969 1631 1017; baseline 0 -12"><span class='ocrx_word' id='word_1_382' title='bbox 1226 969 1318 1005; x_wconf 93' lang='lat' dir='ltr'>obiit</span> <span class='ocrx_word' id='word_1_383' title='bbox 1338 969 1375 1005; x_wconf 92' lang='lat' dir='ltr'>in</span> <span class='ocrx_word' id='word_1_384' title='bbox 1396 970 1548 1006; x_wconf 85' lang='lat' dir='ltr'>boeotia</span> <span class='ocrx_word' id='word_1_385' title='bbox 1569 969 1631 1017; x_wconf 88' lang='lat' dir='ltr'>ple</span> 
     </span>
     <span class='ocr_line' id='line_1_119' title="bbox 1226 1023 1626 1071; baseline 0.005 -13"><span class='ocrx_word' id='word_1_386' title='bbox 1226 1033 1298 1059; x_wconf 90' lang='lat' dir='ltr'>nus</span> <span class='ocrx_word' id='word_1_387' title='bbox 1319 1027 1384 1059; x_wconf 67' lang='lat' dir='ltr'>sco</span> <span class='ocrx_word' id='word_1_388' title='bbox 1404 1026 1476 1071; x_wconf 76' lang='lat' dir='ltr'>spu</span> <span class='ocrx_word' id='word_1_389' title='bbox 1513 1023 1626 1071; x_wconf 88' lang='lat' dir='ltr'>igitur</span> 
     </span>
     <span class='ocr_line' id='line_1_120' title="bbox 1228 1077 1627 1125; baseline 0.003 -12"><span class='ocrx_word' id='word_1_390' title='bbox 1228 1088 1318 1113; x_wconf 89' lang='lat' dir='ltr'>cum</span> <span class='ocrx_word' id='word_1_391' title='bbox 1338 1077 1414 1113; x_wconf 91' lang='lat' dir='ltr'>iam</span> <span class='ocrx_word' id='word_1_392' title='bbox 1435 1077 1627 1125; x_wconf 85' lang='lat' dir='ltr'>descripta</span> 
     </span>
     <span class='ocr_line' id='line_1_121' title="bbox 1226 1130 1571 1179; baseline 0 -12"><span class='ocrx_word' id='word_1_393' title='bbox 1226 1138 1352 1167; x_wconf 89' lang='lat' dir='ltr'>essent</span> <span class='ocrx_word' id='word_1_394' title='bbox 1372 1130 1571 1179; x_wconf 88' lang='lat' dir='ltr'>euangelia</span> 
     </span>
    </p>

    <p class='ocr_par' dir='ltr' id='par_1_44' title="bbox 1225 1184 1722 1609">
     <span class='ocr_line' id='line_1_122' title="bbox 1226 1184 1610 1234; baseline 0 -14"><span class='ocrx_word' id='word_1_395' title='bbox 1226 1196 1293 1232; x_wconf 89' lang='lat' dir='ltr'>per</span> <span class='ocrx_word' id='word_1_396' title='bbox 1312 1184 1524 1221; x_wconf 89' lang='lat' dir='ltr'>mattheum</span> <span class='ocrx_word' id='word_1_397' title='bbox 1545 1184 1610 1234; x_wconf 92' lang='lat' dir='ltr'>qui</span> 
     </span>
     <span class='ocr_line' id='line_1_123' title="bbox 1226 1237 1691 1287; baseline -0.002 -12"><span class='ocrx_word' id='word_1_398' title='bbox 1226 1237 1314 1275; x_wconf 90' lang='lat' dir='ltr'>dem</span> <span class='ocrx_word' id='word_1_399' title='bbox 1334 1238 1373 1274; x_wconf 90' lang='lat' dir='ltr'>in</span> <span class='ocrx_word' id='word_1_400' title='bbox 1392 1238 1503 1275; x_wconf 90' lang='lat' dir='ltr'>iudea</span> <span class='ocrx_word' id='word_1_401' title='bbox 1523 1250 1590 1287; x_wconf 92' lang='lat' dir='ltr'>per</span> <span class='ocrx_word' id='word_1_402' title='bbox 1609 1250 1691 1275; x_wconf 92' lang='lat' dir='ltr'>mar</span> 
     </span>
     <span class='ocr_line' id='line_1_124' title="bbox 1225 1291 1687 1329; baseline 0.004 -2"><span class='ocrx_word' id='word_1_403' title='bbox 1225 1303 1314 1328; x_wconf 89' lang='lat' dir='ltr'>cum</span> <span class='ocrx_word' id='word_1_404' title='bbox 1335 1292 1373 1327; x_wconf 91' lang='lat' dir='ltr'>in</span> <span class='ocrx_word' id='word_1_405' title='bbox 1393 1291 1495 1328; x_wconf 84' lang='lat' dir='ltr'>italia</span> <span class='ocrx_word' id='word_1_406' title='bbox 1514 1296 1580 1329; x_wconf 69' lang='lat' dir='ltr'>sco</span> <span class='ocrx_word' id='word_1_407' title='bbox 1600 1293 1687 1329; x_wconf 90' lang='lat' dir='ltr'>insti</span> 
     </span>
     <span class='ocr_line' id='line_1_125' title="bbox 1225 1345 1658 1394; baseline 0 -12"><span class='ocrx_word' id='word_1_408' title='bbox 1225 1353 1334 1394; x_wconf 85' lang='lat' dir='ltr'>gatus</span> <span class='ocrx_word' id='word_1_409' title='bbox 1355 1348 1425 1393; x_wconf 75' lang='lat' dir='ltr'>spo</span> <span class='ocrx_word' id='word_1_410' title='bbox 1446 1346 1484 1382; x_wconf 89' lang='lat' dir='ltr'>in</span> <span class='ocrx_word' id='word_1_411' title='bbox 1504 1345 1658 1383; x_wconf 87' lang='lat' dir='ltr'>achaiae</span> 
     </span>
     <span class='ocr_line' id='line_1_126' title="bbox 1225 1398 1722 1449; baseline 0 -13"><span class='ocrx_word' id='word_1_412' title='bbox 1225 1400 1393 1447; x_wconf 88' lang='lat' dir='ltr'>partibus</span> <span class='ocrx_word' id='word_1_413' title='bbox 1409 1398 1482 1436; x_wconf 91' lang='lat' dir='ltr'>hoc</span> <span class='ocrx_word' id='word_1_414' title='bbox 1499 1407 1554 1435; x_wconf 85' lang='lat' dir='ltr'>est</span> <span class='ocrx_word' id='word_1_415' title='bbox 1572 1399 1722 1449; x_wconf 85' lang='lat' dir='ltr'>descrip</span> 
     </span>
     <span class='ocr_line' id='line_1_127' title="bbox 1225 1452 1640 1501; baseline 0 -13"><span class='ocrx_word' id='word_1_416' title='bbox 1225 1453 1270 1489; x_wconf 90' lang='lat' dir='ltr'>sit</span> <span class='ocrx_word' id='word_1_417' title='bbox 1290 1464 1377 1489; x_wconf 89' lang='lat' dir='ltr'>eum</span> <span class='ocrx_word' id='word_1_418' title='bbox 1398 1452 1640 1501; x_wconf 88' lang='lat' dir='ltr'>euangelium</span> 
     </span>
     <span class='ocr_line' id='line_1_128' title="bbox 1225 1506 1606 1555; baseline 0 -13"><span class='ocrx_word' id='word_1_419' title='bbox 1225 1506 1416 1555; x_wconf 89' lang='lat' dir='ltr'>significas</span> <span class='ocrx_word' id='word_1_420' title='bbox 1435 1519 1503 1555; x_wconf 91' lang='lat' dir='ltr'>per</span> <span class='ocrx_word' id='word_1_421' title='bbox 1521 1508 1606 1554; x_wconf 90' lang='lat' dir='ltr'>prin</span> 
     </span>
     <span class='ocr_line' id='line_1_129' title="bbox 1225 1561 1604 1609; baseline 0 -13"><span class='ocrx_word' id='word_1_422' title='bbox 1225 1561 1365 1609; x_wconf 88' lang='lat' dir='ltr'>cipium</span> <span class='ocrx_word' id='word_1_423' title='bbox 1384 1568 1471 1597; x_wconf 90' lang='lat' dir='ltr'>ante</span> <span class='ocrx_word' id='word_1_424' title='bbox 1492 1571 1604 1597; x_wconf 88' lang='lat' dir='ltr'>suum</span> 
     </span>
    </p>
   </div>
   <div class='ocr_carea' id='block_1_14' title="bbox 1224 1698 1680 2983">
    <p class='ocr_par' dir='ltr' id='par_1_45' title="bbox 1224 1698 1659 2167">
     <span class='ocr_line' id='line_1_130' title="bbox 1224 1698 1604 1749; baseline 0 -12"><span class='ocrx_word' id='word_1_425' title='bbox 1224 1699 1294 1737; x_wconf 89' lang='lat' dir='ltr'>alia</span> <span class='ocrx_word' id='word_1_426' title='bbox 1313 1711 1396 1737; x_wconf 88' lang='lat' dir='ltr'>esse</span> <span class='ocrx_word' id='word_1_427' title='bbox 1416 1698 1604 1749; x_wconf 86' lang='lat' dir='ltr'>descripta</span> 
     </span>
     <span class='ocr_line' id='line_1_131' title="bbox 1224 1754 1659 1791; baseline -0.005 0"><span class='ocrx_word' id='word_1_428' title='bbox 1224 1754 1290 1791; x_wconf 88' lang='lat' dir='ltr'>sed</span> <span class='ocrx_word' id='word_1_429' title='bbox 1312 1760 1349 1791; x_wconf 88' lang='lat' dir='ltr'>et</span> <span class='ocrx_word' id='word_1_430' title='bbox 1372 1754 1440 1790; x_wconf 90' lang='lat' dir='ltr'>sibi</span> <span class='ocrx_word' id='word_1_431' title='bbox 1460 1754 1659 1791; x_wconf 69' lang='lat' dir='ltr'>maxima·-</span> 
     </span>
     <span class='ocr_line' id='line_1_132' title="bbox 1224 1807 1628 1845; baseline 0 -1"><span class='ocrx_word' id='word_1_432' title='bbox 1224 1807 1488 1845; x_wconf 86' lang='lat' dir='ltr'>necessitatem</span> <span class='ocrx_word' id='word_1_433' title='bbox 1508 1808 1628 1844; x_wconf 68' lang='lat' dir='ltr'>incu-</span> 
     </span>
     <span class='ocr_line' id='line_1_133' title="bbox 1225 1861 1580 1910; baseline 0 -12"><span class='ocrx_word' id='word_1_434' title='bbox 1225 1863 1313 1898; x_wconf 92' lang='lat' dir='ltr'>bere</span> <span class='ocrx_word' id='word_1_435' title='bbox 1334 1862 1457 1910; x_wconf 88' lang='lat' dir='ltr'>grecis</span> <span class='ocrx_word' id='word_1_436' title='bbox 1479 1861 1580 1898; x_wconf 87' lang='lat' dir='ltr'>fideli</span> 
     </span>
     <span class='ocr_line' id='line_1_134' title="bbox 1225 1917 1619 1953; baseline -0.003 -1"><span class='ocrx_word' id='word_1_437' title='bbox 1225 1917 1296 1953; x_wconf 91' lang='lat' dir='ltr'>bus</span> <span class='ocrx_word' id='word_1_438' title='bbox 1316 1927 1406 1952; x_wconf 90' lang='lat' dir='ltr'>cum</span> <span class='ocrx_word' id='word_1_439' title='bbox 1427 1927 1619 1952; x_wconf 89' lang='lat' dir='ltr'>summam</span> 
     </span>
     <span class='ocr_line' id='line_1_135' title="bbox 1225 1969 1625 2017; baseline 0 -11"><span class='ocrx_word' id='word_1_440' title='bbox 1225 1969 1460 2017; x_wconf 88' lang='lat' dir='ltr'>diligentiam</span> <span class='ocrx_word' id='word_1_441' title='bbox 1481 1974 1625 2006; x_wconf 70' lang='lat' dir='ltr'>omne*</span> 
     </span>
     <span class='ocr_line' id='line_1_136' title="bbox 1226 2023 1603 2071; baseline 0 -11"><span class='ocrx_word' id='word_1_442' title='bbox 1226 2023 1515 2071; x_wconf 87' lang='lat' dir='ltr'>dispositionem</span> <span class='ocrx_word' id='word_1_443' title='bbox 1534 2035 1603 2060; x_wconf 86' lang='lat' dir='ltr'>nar</span> 
     </span>
     <span class='ocr_line' id='line_1_137' title="bbox 1228 2077 1583 2126; baseline 0.003 -13"><span class='ocrx_word' id='word_1_444' title='bbox 1228 2077 1373 2114; x_wconf 88' lang='lat' dir='ltr'>ratione</span> <span class='ocrx_word' id='word_1_445' title='bbox 1394 2088 1463 2114; x_wconf 89' lang='lat' dir='ltr'>sua</span> <span class='ocrx_word' id='word_1_446' title='bbox 1482 2088 1583 2126; x_wconf 79' lang='lat' dir='ltr'>expo</span> 
     </span>
     <span class='ocr_line' id='line_1_138' title="bbox 1227 2143 1318 2167; baseline 0 0"><span class='ocrx_word' id='word_1_447' title='bbox 1227 2143 1318 2167; x_wconf 89' lang='lat' dir='ltr'>nere</span> 
     </span>
    </p>

    <p class='ocr_par' dir='ltr' id='par_1_46' title="bbox 1226 2183 1680 2544">
     <span class='ocr_line' id='line_1_139' title="bbox 1228 2183 1680 2233; baseline 0 -12"><span class='ocrx_word' id='word_1_448' title='bbox 1228 2184 1435 2233; x_wconf 86' lang='lat' dir='ltr'>Propterea</span> <span class='ocrx_word' id='word_1_449' title='bbox 1454 2195 1502 2220; x_wconf 92' lang='lat' dir='ltr'>ne</span> <span class='ocrx_word' id='word_1_450' title='bbox 1522 2183 1680 2222; x_wconf 88' lang='lat' dir='ltr'>iudaicis</span> 
     </span>
     <span class='ocr_line' id='line_1_140' title="bbox 1228 2237 1577 2276; baseline 0 -1"><span class='ocrx_word' id='word_1_451' title='bbox 1228 2238 1365 2275; x_wconf 85' lang='lat' dir='ltr'>fabulis</span> <span class='ocrx_word' id='word_1_452' title='bbox 1386 2237 1577 2276; x_wconf 87' lang='lat' dir='ltr'>desiderio</span> 
     </span>
     <span class='ocr_line' id='line_1_141' title="bbox 1227 2298 1572 2329; baseline 0 0"><span class='ocrx_word' id='word_1_453' title='bbox 1227 2298 1419 2329; x_wconf 89' lang='lat' dir='ltr'>teneretur</span> <span class='ocrx_word' id='word_1_454' title='bbox 1474 2304 1572 2329; x_wconf 88' lang='lat' dir='ltr'>neue</span> 
     </span>
     <span class='ocr_line' id='line_1_142' title="bbox 1227 2345 1614 2383; baseline 0.003 -1"><span class='ocrx_word' id='word_1_455' title='bbox 1227 2345 1400 2383; x_wconf 88' lang='lat' dir='ltr'>hereticis</span> <span class='ocrx_word' id='word_1_456' title='bbox 1420 2345 1556 2383; x_wconf 87' lang='lat' dir='ltr'>fabulis</span> <span class='ocrx_word' id='word_1_457' title='bbox 1576 2352 1614 2383; x_wconf 90' lang='lat' dir='ltr'>et</span> 
     </span>
     <span class='ocr_line' id='line_1_143' title="bbox 1227 2399 1585 2436; baseline 0.003 -1"><span class='ocrx_word' id='word_1_458' title='bbox 1227 2400 1349 2436; x_wconf 89' lang='lat' dir='ltr'>stultis</span> <span class='ocrx_word' id='word_1_459' title='bbox 1369 2399 1585 2436; x_wconf 88' lang='lat' dir='ltr'>sollicitatio</span> 
     </span>
     <span class='ocr_line' id='line_1_144' title="bbox 1226 2453 1572 2490; baseline 0.003 -1"><span class='ocrx_word' id='word_1_460' title='bbox 1226 2454 1338 2490; x_wconf 91' lang='lat' dir='ltr'>nibus</span> <span class='ocrx_word' id='word_1_461' title='bbox 1359 2453 1505 2490; x_wconf 90' lang='lat' dir='ltr'>seducti</span> <span class='ocrx_word' id='word_1_462' title='bbox 1525 2465 1572 2490; x_wconf 81' lang='lat' dir='ltr'>ex</span> 
     </span>
     <span class='ocr_line' id='line_1_145' title="bbox 1227 2507 1587 2544; baseline 0 0"><span class='ocrx_word' id='word_1_463' title='bbox 1227 2507 1406 2544; x_wconf 90' lang='lat' dir='ltr'>cederent</span> <span class='ocrx_word' id='word_1_464' title='bbox 1426 2518 1449 2543; x_wconf 89' lang='lat' dir='ltr'>a</span> <span class='ocrx_word' id='word_1_465' title='bbox 1467 2508 1587 2544; x_wconf 85' lang='lat' dir='ltr'>uerita</span> 
     </span>
    </p>

    <p class='ocr_par' dir='ltr' id='par_1_47' title="bbox 1225 2560 1671 2983">
     <span class='ocr_line' id='line_1_146' title="bbox 1226 2560 1565 2609; baseline -0.006 -11"><span class='ocrx_word' id='word_1_466' title='bbox 1226 2567 1263 2598; x_wconf 91' lang='lat' dir='ltr'>te</span> <span class='ocrx_word' id='word_1_467' title='bbox 1348 2560 1477 2609; x_wconf 89' lang='lat' dir='ltr'>itaque</span> <span class='ocrx_word' id='word_1_468' title='bbox 1496 2573 1565 2609; x_wconf 90' lang='lat' dir='ltr'>per</span> 
     </span>
     <span class='ocr_line' id='line_1_147' title="bbox 1225 2615 1608 2663; baseline 0 -12"><span class='ocrx_word' id='word_1_469' title='bbox 1225 2625 1342 2663; x_wconf 89' lang='lat' dir='ltr'>quam</span> <span class='ocrx_word' id='word_1_470' title='bbox 1362 2615 1608 2652; x_wconf 78' lang='lat' dir='ltr'>necessaria·-</span> 
     </span>
     <span class='ocr_line' id='line_1_148' title="bbox 1227 2667 1620 2717; baseline 0.005 -13"><span class='ocrx_word' id='word_1_471' title='bbox 1227 2668 1354 2705; x_wconf 86' lang='lat' dir='ltr'>statim</span> <span class='ocrx_word' id='word_1_472' title='bbox 1373 2667 1412 2704; x_wconf 91' lang='lat' dir='ltr'>in</span> <span class='ocrx_word' id='word_1_473' title='bbox 1433 2668 1620 2717; x_wconf 88' lang='lat' dir='ltr'>principio</span> 
     </span>
     <span class='ocr_line' id='line_1_149' title="bbox 1227 2721 1589 2770; baseline -0.003 -11"><span class='ocrx_word' id='word_1_474' title='bbox 1227 2721 1387 2770; x_wconf 88' lang='lat' dir='ltr'>sumpsit</span> <span class='ocrx_word' id='word_1_475' title='bbox 1407 2722 1456 2758; x_wconf 89' lang='lat' dir='ltr'>ab</span> <span class='ocrx_word' id='word_1_476' title='bbox 1475 2721 1589 2759; x_wconf 87' lang='lat' dir='ltr'>iohan</span> 
     </span>
     <span class='ocr_line' id='line_1_150' title="bbox 1227 2775 1643 2824; baseline 0.002 -13"><span class='ocrx_word' id='word_1_477' title='bbox 1227 2775 1284 2812; x_wconf 90' lang='lat' dir='ltr'>nis</span> <span class='ocrx_word' id='word_1_478' title='bbox 1305 2775 1471 2812; x_wconf 82' lang='lat' dir='ltr'>nauitate</span> <span class='ocrx_word' id='word_1_479' title='bbox 1492 2787 1565 2824; x_wconf 89' lang='lat' dir='ltr'>que</span> <span class='ocrx_word' id='word_1_480' title='bbox 1586 2781 1643 2812; x_wconf 90' lang='lat' dir='ltr'>est</span> 
     </span>
     <span class='ocr_line' id='line_1_151' title="bbox 1226 2828 1572 2877; baseline 0 -12"><span class='ocrx_word' id='word_1_481' title='bbox 1226 2829 1375 2865; x_wconf 86' lang='lat' dir='ltr'>initium</span> <span class='ocrx_word' id='word_1_482' title='bbox 1395 2828 1572 2877; x_wconf 87' lang='lat' dir='ltr'>euangeli</span> 
     </span>
     <span class='ocr_line' id='line_1_152' title="bbox 1227 2881 1609 2931; baseline 0 -13"><span class='ocrx_word' id='word_1_483' title='bbox 1227 2883 1434 2931; x_wconf 89' lang='lat' dir='ltr'>premissus</span> <span class='ocrx_word' id='word_1_484' title='bbox 1453 2881 1517 2919; x_wconf 75' lang='lat' dir='ltr'>dfii</span> <span class='ocrx_word' id='word_1_485' title='bbox 1537 2893 1609 2919; x_wconf 90' lang='lat' dir='ltr'>nos</span> 
     </span>
     <span class='ocr_line' id='line_1_153' title="bbox 1228 2935 1671 2983; baseline 0 -11"><span class='ocrx_word' id='word_1_486' title='bbox 1228 2936 1272 2972; x_wconf 88' lang='lat' dir='ltr'>tri</span> <span class='ocrx_word' id='word_1_487' title='bbox 1293 2935 1358 2972; x_wconf 78' lang='lat' dir='ltr'>ihu</span> <span class='ocrx_word' id='word_1_488' title='bbox 1378 2935 1444 2983; x_wconf 71' lang='lat' dir='ltr'>xpi</span> <span class='ocrx_word' id='word_1_489' title='bbox 1481 2942 1519 2972; x_wconf 92' lang='lat' dir='ltr'>et</span> <span class='ocrx_word' id='word_1_490' title='bbox 1539 2935 1607 2972; x_wconf 87' lang='lat' dir='ltr'>fuit</span> <span class='ocrx_word' id='word_1_491' title='bbox 1627 2946 1671 2972; x_wconf 88' lang='lat' dir='ltr'>so</span> 
     </span>
    </p>
   </div>
   <div class='ocr_carea' id='block_1_15' title="bbox 1759 332 2205 1183">
    <p class='ocr_par' dir='ltr' id='par_1_48' title="bbox 1759 332 2205 647">
     <span class='ocr_line' id='line_1_154' title="bbox 1762 332 2205 383; baseline 0.002 -13"><span class='ocrx_word' id='word_1_492' title='bbox 1762 332 1854 371; x_wconf 87' lang='lat' dir='ltr'>Cius</span> <span class='ocrx_word' id='word_1_493' title='bbox 1873 333 1922 371; x_wconf 88' lang='lat' dir='ltr'>ad</span> <span class='ocrx_word' id='word_1_494' title='bbox 1941 332 2205 383; x_wconf 76' lang='lat' dir='ltr'>perfectione·-</span> 
     </span>
     <span class='ocr_line' id='line_1_155' title="bbox 1760 387 2192 435; baseline 0.005 -13"><span class='ocrx_word' id='word_1_495' title='bbox 1760 387 1891 435; x_wconf 82' lang='lat' dir='ltr'>populi</span> <span class='ocrx_word' id='word_1_496' title='bbox 1912 387 2002 424; x_wconf 90' lang='lat' dir='ltr'>item</span> <span class='ocrx_word' id='word_1_497' title='bbox 2021 388 2192 425; x_wconf 86' lang='lat' dir='ltr'>inductio</span> 
     </span>
     <span class='ocr_line' id='line_1_156' title="bbox 1760 441 2193 489; baseline 0.005 -14"><span class='ocrx_word' id='word_1_498' title='bbox 1760 451 1850 475; x_wconf 87' lang='lat' dir='ltr'>nem</span> <span class='ocrx_word' id='word_1_499' title='bbox 1871 441 2048 488; x_wconf 90' lang='lat' dir='ltr'>baptismi</span> <span class='ocrx_word' id='word_1_500' title='bbox 2068 441 2193 489; x_wconf 88' lang='lat' dir='ltr'>adque</span> 
     </span>
     <span class='ocr_line' id='line_1_157' title="bbox 1760 493 2183 542; baseline 0.005 -13"><span class='ocrx_word' id='word_1_501' title='bbox 1760 493 1948 540; x_wconf 87' lang='lat' dir='ltr'>passionis</span> <span class='ocrx_word' id='word_1_502' title='bbox 1968 495 2092 531; x_wconf 88' lang='lat' dir='ltr'>socius</span> <span class='ocrx_word' id='word_1_503' title='bbox 2112 506 2183 542; x_wconf 91' lang='lat' dir='ltr'>pro</span> 
     </span>
     <span class='ocr_line' id='line_1_158' title="bbox 1759 545 2136 594; baseline 0.011 -14"><span class='ocrx_word' id='word_1_504' title='bbox 1759 545 1859 582; x_wconf 85' lang='lat' dir='ltr'>fecto</span> <span class='ocrx_word' id='word_1_505' title='bbox 1880 546 2136 594; x_wconf 89' lang='lat' dir='ltr'>dispositionis</span> 
     </span>
     <span class='ocr_line' id='line_1_159' title="bbox 1761 599 2114 647; baseline 0.008 -13"><span class='ocrx_word' id='word_1_506' title='bbox 1761 599 1978 647; x_wconf 86' lang='lat' dir='ltr'>exemplum</span> <span class='ocrx_word' id='word_1_507' title='bbox 1999 601 2114 637; x_wconf 86' lang='lat' dir='ltr'>memi</span> 
     </span>
    </p>

    <p class='ocr_par' dir='ltr' id='par_1_49' title="bbox 1760 651 2179 1022">
     <span class='ocr_line' id='line_1_160' title="bbox 1763 651 2130 702; baseline 0.008 -15"><span class='ocrx_word' id='word_1_508' title='bbox 1763 651 1817 688; x_wconf 86' lang='lat' dir='ltr'>nit</span> <span class='ocrx_word' id='word_1_509' title='bbox 1837 652 2038 690; x_wconf 88' lang='lat' dir='ltr'>malachiel</span> <span class='ocrx_word' id='word_1_510' title='bbox 2060 665 2130 702; x_wconf 93' lang='lat' dir='ltr'>pro</span> 
     </span>
     <span class='ocr_line' id='line_1_161' title="bbox 1761 704 2168 753; baseline 0.007 -13"><span class='ocrx_word' id='word_1_511' title='bbox 1761 704 2003 753; x_wconf 90' lang='lat' dir='ltr'>phetauimus</span> <span class='ocrx_word' id='word_1_512' title='bbox 2025 706 2070 743; x_wconf 91' lang='lat' dir='ltr'>de</span> <span class='ocrx_word' id='word_1_513' title='bbox 2090 705 2168 743; x_wconf 93' lang='lat' dir='ltr'>duo</span> 
     </span>
     <span class='ocr_line' id='line_1_162' title="bbox 1761 758 2151 806; baseline 0.005 -12"><span class='ocrx_word' id='word_1_514' title='bbox 1761 758 1885 794; x_wconf 89' lang='lat' dir='ltr'>decim</span> <span class='ocrx_word' id='word_1_515' title='bbox 1905 758 2151 806; x_wconf 89' lang='lat' dir='ltr'>postmodum</span> 
     </span>
     <span class='ocr_line' id='line_1_163' title="bbox 1760 811 2150 860; baseline 0.003 -12"><span class='ocrx_word' id='word_1_516' title='bbox 1760 811 1937 848; x_wconf 91' lang='lat' dir='ltr'>iohannis</span> <span class='ocrx_word' id='word_1_517' title='bbox 1957 812 2150 860; x_wconf 90' lang='lat' dir='ltr'>apostolus</span> 
     </span>
     <span class='ocr_line' id='line_1_164' title="bbox 1762 865 2179 914; baseline 0 -12"><span class='ocrx_word' id='word_1_518' title='bbox 1762 865 1909 914; x_wconf 92' lang='lat' dir='ltr'>scripsit</span> <span class='ocrx_word' id='word_1_519' title='bbox 1928 865 2179 914; x_wconf 82' lang='lat' dir='ltr'>apocalypsi·-</span> 
     </span>
     <span class='ocr_line' id='line_1_165' title="bbox 1762 918 2165 968; baseline 0.005 -14"><span class='ocrx_word' id='word_1_520' title='bbox 1762 919 1801 955; x_wconf 91' lang='lat' dir='ltr'>in</span> <span class='ocrx_word' id='word_1_521' title='bbox 1822 918 1945 956; x_wconf 89' lang='lat' dir='ltr'>insula</span> <span class='ocrx_word' id='word_1_522' title='bbox 1965 926 2097 968; x_wconf 82' lang='lat' dir='ltr'>patmo</span> <span class='ocrx_word' id='word_1_523' title='bbox 2117 919 2165 956; x_wconf 93' lang='lat' dir='ltr'>de</span> 
     </span>
     <span class='ocr_line' id='line_1_166' title="bbox 1760 972 2111 1022; baseline 0 -13"><span class='ocrx_word' id='word_1_524' title='bbox 1760 972 1849 1010; x_wconf 89' lang='lat' dir='ltr'>inde</span> <span class='ocrx_word' id='word_1_525' title='bbox 1869 972 2111 1022; x_wconf 89' lang='lat' dir='ltr'>euangelium</span> 
     </span>
    </p>

    <p class='ocr_par' dir='ltr' id='par_1_50' title="bbox 1760 1026 1900 1064">
     <span class='ocr_line' id='line_1_167' title="bbox 1760 1026 1900 1064; baseline 0.007 -2"><span class='ocrx_word' id='word_1_526' title='bbox 1760 1026 1800 1063; x_wconf 90' lang='lat' dir='ltr'>in</span> <span class='ocrx_word' id='word_1_527' title='bbox 1821 1026 1900 1064; x_wconf 89' lang='lat' dir='ltr'>asia</span> 
     </span>
    </p>

    <p class='ocr_par' dir='ltr' id='par_1_51' title="bbox 1759 1079 2153 1183">
     <span class='ocr_line' id='line_1_168' title="bbox 1759 1079 2153 1129; baseline 0 -12"><span class='ocrx_word' id='word_1_528' title='bbox 1759 1080 1858 1117; x_wconf 90' lang='lat' dir='ltr'>Item</span> <span class='ocrx_word' id='word_1_529' title='bbox 1879 1080 1984 1117; x_wconf 89' lang='lat' dir='ltr'>lucas</span> <span class='ocrx_word' id='word_1_530' title='bbox 2005 1079 2153 1129; x_wconf 88' lang='lat' dir='ltr'>scripsit</span> 
     </span>
     <span class='ocr_line' id='line_1_169' title="bbox 1759 1134 2148 1183; baseline -0.003 -12"><span class='ocrx_word' id='word_1_531' title='bbox 1759 1141 1865 1172; x_wconf 89' lang='lat' dir='ltr'>actus</span> <span class='ocrx_word' id='word_1_532' title='bbox 1885 1134 2148 1183; x_wconf 86' lang='lat' dir='ltr'>apostolorum</span> 
     </span>
    </p>
   </div>
   <div class='ocr_carea' id='block_1_16' title="bbox 1864 1240 2159 1506">
    <p class='ocr_par' dir='ltr' id='par_1_52' title="bbox 1864 1240 2159 1506">
     <span class='ocr_line' id='line_1_170' title="bbox 1864 1240 2159 1291; baseline -0.003 -12"><span class='ocrx_word' id='word_1_533' title='bbox 1864 1240 2007 1279; x_wconf 85' lang='lat' dir='ltr'><em>EXPL</em></span> <span class='ocrx_word' id='word_1_534' title='bbox 2029 1261 2037 1270; x_wconf 89' lang='lat'>-</span> <span class='ocrx_word' id='word_1_535' title='bbox 2057 1240 2159 1291; x_wconf 74' lang='lat' dir='ltr'>AR&lt;</span> 
     </span>
     <span class='ocr_line' id='line_1_171' title="bbox 1871 1347 2122 1397; baseline 0.004 -11"><span class='ocrx_word' id='word_1_536' title='bbox 1871 1347 2122 1397; x_wconf 78' lang='lat' dir='ltr'><em>GU(MEN</em></span> 
     </span>
     <span class='ocr_line' id='line_1_172' title="bbox 1869 1455 2049 1506; baseline 0 -14"><span class='ocrx_word' id='word_1_537' title='bbox 1869 1455 2049 1506; x_wconf 67' lang='lat' dir='ltr'>&lt;Tum-1</span> 
     </span>
    </p>
   </div>
   <div class='ocr_carea' id='block_1_17' title="bbox 1866 1699 2164 2062">
    <p class='ocr_par' dir='ltr' id='par_1_53' title="bbox 1867 1699 2077 1739">
     <span class='ocr_line' id='line_1_173' title="bbox 1867 1699 2077 1739; baseline 0.005 -1"><span class='ocrx_word' id='word_1_538' title='bbox 1867 1699 2077 1739; x_wconf 84' lang='lat' dir='ltr'><em>INCIPIT</em></span> 
     </span>
    </p>

    <p class='ocr_par' dir='ltr' id='par_1_54' title="bbox 1866 1807 2164 2062">
     <span class='ocr_line' id='line_1_174' title="bbox 1866 1807 2161 1859; baseline 0 -13"><span class='ocrx_word' id='word_1_539' title='bbox 1866 1812 1900 1846; x_wconf 69' lang='lat' dir='ltr'>L</span> <span class='ocrx_word' id='word_1_540' title='bbox 1911 1807 2161 1859; x_wconf 62' lang='lat' dir='ltr'>VAN4G12&lt;</span> 
     </span>
     <span class='ocr_line' id='line_1_175' title="bbox 1867 1883 2164 1967; baseline 0 -13"><span class='ocrx_word' id='word_1_541' title='bbox 1867 1883 2138 1967; x_wconf 54' lang='lat' dir='ltr'>&#39;Livius&#39;ac</span> <span class='ocrx_word' id='word_1_542' title='bbox 2155 1883 2164 1892; x_wconf 53' lang='lat'><em>⁶</em></span> 
     </span>
     <span class='ocr_line' id='line_1_176' title="bbox 1866 1990 2162 2062; baseline -0.003 0"><span class='ocrx_word' id='word_1_543' title='bbox 1866 1991 1903 2062; x_wconf 69' lang='grc' dir='ltr'>ξι</span> <span class='ocrx_word' id='word_1_544' title='bbox 1916 1990 2162 2062; x_wconf 53' lang='lat' dir='ltr'>mutim</span> 
     </span>
    </p>
   </div>
  </div>
 </body>
</html>
