2504 3382
280 197 373 224 xx11.
392 199 571 233 44—xxm.
592 203 610 234 3
616 184 669 239 5.]
724 187 768 224 E
770 187 838 226 UA
847 187 1042 227 NGELJ
1042 190 1136 228 UM
1165 190 1240 230 SE
1242 191 1275 230 C

279 273 359 306 Fol.
379 277 438 305 25.

334 319 361 339 ⁴⁴
375 318 471 355 dixit
482 318 659 356 dns-dfio
669 340 676 347 -
687 330 775 356 meo

335 371 426 409 sede
446 384 469 408 a
490 372 631 410 dextris
652 373 748 410 meis

333 425 460 463 donec
480 438 625 474 ponam
646 427 698 463 ini

332 479 453 517 micos
478 486 562 517 tuos
583 480 709 517 scabel

332 532 411 569 lum
431 533 574 582 pedum
594 539 737 571 tuoru-

278 585 307 606 ⁴⁵
325 585 364 623 Si
384 598 478 636 ergo
498 587 614 625 dauid
635 588 674 624 in
695 591 767 636 ssiu

635 639 767 693 [uocat

277 705 366 730 eum
387 693 478 731 dom
499 696 697 744 quomodo

277 747 374 785 filius
394 748 474 785 eius
487 755 543 786 est
655 746 771 801 [spon

276 801 304 821 ⁴⁶
320 801 370 838 Et
398 813 514 840 nemo
543 810 690 851 poterat
714 815 770 840 re—

277 854 366 892 dere
387 856 420 892 ei
440 857 599 893 uerbum
617 868 740 906 neque

276 920 390 946 ausus
409 916 464 946 est
484 911 687 960 quisquam

276 974 323 999 ex
344 963 394 999 illi
416 964 476 1000 die
497 976 585 1001 eum
606 964 770 1013 amplius

275 1016 509 1065 interrogare
703 1015 773 1068 [est

273 1080 350 1106 LXU
362 1076 401 1106 23
417 1071 428 1090 ¹
449 1071 489 1107 T
482 1084 552 1107 unc
564 1071 622 1108 ihs
634 1072 771 1108 locutus

274 1125 323 1161 ad
344 1125 473 1162 turbas
494 1131 530 1161 et
550 1125 597 1161 ad
625 1125 769 1173 discipu

274 1178 332 1215 los
353 1189 442 1215 suos
460 1177 474 1197 ²
487 1178 617 1215 dicens
638 1190 753 1227 super

273 1231 494 1269 cathedram
514 1232 637 1280 moysi
657 1232 747 1269 sede

273 1291 359 1322 runt
380 1285 523 1323 scribae
544 1292 580 1322 et
599 1285 709 1335 phari

273 1340 327 1376 sei
406 1340 419 1359 ³
432 1340 561 1376 omnia
581 1351 672 1389 ergo
692 1351 767 1388 que

272 1405 439 1442 cumque
459 1393 596 1431 dixerit
614 1394 726 1430 uobis

272 1455 420 1485 seruate
440 1454 477 1484 et
497 1447 608 1485 facite
630 1454 753 1485 secu-⁴

272 1501 363 1538 dum
384 1501 482 1539 facta
501 1513 594 1539 uero
615 1508 735 1540 eoru-

272 1566 321 1592 ne
342 1555 504 1593 feceritis
524 1555 657 1592 dicunt

271 1609 374 1646 enirn
394 1615 430 1646 et
444 1609 517 1658 ipsi
530 1621 609 1647 non
622 1609 765 1647 faciunt

271 1695 470 1744 ⁴Adligant
489 1702 615 1734 autem
634 1696 736 1735 hone

270 1762 311 1787 ra
331 1750 462 1798 grauia
481 1757 518 1787 et
538 1751 728 1799 inponunt

271 1815 384 1852 supra
403 1816 555 1841 umeros
574 1804 681 1841 homi

270 1869 363 1894 num
383 1857 501 1906 digito
521 1865 649 1895 autem
669 1870 739 1896 suo

269 1911 403 1948 nolunt
423 1923 468 1948 ea
489 1923 645 1948 mouere

269 1964 430 2003 5Omnia
449 1977 541 2013 ergo
560 1978 676 2014 opera
696 1977 763 2003 sua

272 2018 415 2056 faciunt
435 2026 475 2056 ut
495 2019 695 2056 uideantur

268 2073 317 2109 ab
337 2072 554 2110 hominibus
574 2073 650 2110 dila

267 2133 349 2163 tant
368 2127 472 2163 enim
493 2127 669 2164 filacteria

266 2191 335 2217 sua
355 2187 391 2218 et
407 2180 655 2230 magnificant

266 2234 435 2272 fimbrias
455 2235 687 2272 uestimento

264 2300 348 2325 rum
370 2300 524 2326 suorum
646 2286 760 2341 [rnu-

265 2342 422 2379 ⁶Amant
442 2349 570 2380 autern
590 2348 626 2380 et
647 2344 723 2392 pri-

265 2396 494 2434 discubitum
515 2397 553 2433 in
573 2397 687 2434 conui

266 2450 335 2487 uiis
355 2456 392 2487 et
412 2451 554 2500 primas
573 2451 683 2488 cathe

265 2503 352 2541 dras
376 2505 413 2540 in
434 2505 629 2553 sinagogis

264 2557 278 2577 ⁷
292 2558 344 2595 Et
364 2558 607 2596 salutationes
627 2559 665 2594 in
686 2557 725 2597 fo

264 2623 308 2649 ro
329 2618 365 2649 et
386 2612 516 2649 uocari
538 2613 586 2650 ab
608 2612 716 2650 homi

262 2666 376 2703 nibus
396 2667 504 2703 rabbi

263 2718 364 2757 ‘³Uos
384 2726 512 2758 autem
525 2720 642 2758 nolite
659 2733 758 2760 uoca

262 2773 291 2810 ri
311 2774 419 2811 rabbi

262 2826 375 2865 Unus
396 2834 452 2865 est
471 2827 574 2866 enim
593 2829 716 2878 magis

263 2888 318 2919 tel*
329 2889 457 2919 ueSteI‘
511 2894 650 2920 omneS

590 2946 624 2968 eS

261 2984 391 3018 autem
411 2991 483 3019 uos
504 2978 594 3018 fratr
614 2981 704 3019 estis

810 319 885 356 9Εἰ
901 326 1047 368 patrem
1069 321 1187 359 nolite
1208 334 1258 359 uo

809 385 894 410 care
914 374 1023 412 uobis
1044 386 1157 424 super
1177 382 1233 412 ter

809 438 890 463 ram
910 439 1010 465 unus
1030 435 1086 465 est
1106 429 1209 465 enim

808 487 915 528 pater
933 488 1058 519 uester
1076 483 1140 531 qui
1159 482 1198 519 in
1218 495 1262 520 ce

807 534 851 570 lis
871 540 927 571 est

807 586 834 607 ¹⁰
850 586 932 625 Nec
953 589 1143 626 uocemini
1163 601 1227 626 rna

806 641 911 689 gistri
933 642 1022 691 quia
1041 643 1223 692 magister

805 700 931 731 uester
949 707 1048 732 unus
1068 704 1124 733 est
1145 700 1218 744 xps

806 747 832 767 n
845 748 910 796 qui
930 749 1053 785 maior
1069 756 1126 786 est
1141 757 1296 787 uestru-

805 801 873 838 erit
893 808 1017 839 uester
1036 803 1208 840 minister

805 854 1044 905 ¹2Quicumq·
1061 864 1189 893 autem
1203 869 1242 895 se
1251 869 1298 894 ex

804 907 976 946 altauerit
996 909 1191 947 humiliabi

805 969 866 999 tur
886 969 921 999 et
942 963 1097 1012 quicum
1119 976 1158 1001 se
1179 964 1230 1001 hu

805 1015 1005 1054 miliauerit
1026 1016 1190 1055 exaltabi

805 1076 864 1105 tur

804 1122 933 1158 LX01¹³
954 1123 1030 1160 Uele
1048 1128 1167 1161 aulem
1187 1124 1288 1162 uobis

804 1176 950 1213 scribae
971 1184 1007 1213 et
1028 1177 1190 1225 pharisei

802 1228 1018 1278 hyprocrite
1042 1231 1129 1279 quia
1150 1232 1211 1269 clu

803 1283 888 1320 ditis
908 1296 1069 1332 regnum
1090 1285 1197 1323 caelo

802 1348 887 1373 rum
908 1344 994 1374 ante
1015 1337 1189 1376 homines

801 1402 871 1428 uos
890 1397 1018 1428 autem
1038 1403 1116 1428 non
1136 1393 1175 1429 in

801 1444 905 1481 tratis
926 1457 996 1482 nec
1012 1445 1187 1483 introeun

801 1497 848 1534 tis
869 1498 988 1535 sinitis
1008 1499 1145 1536 intrare

802 1550 921 1589 ¹⁴Uae
941 1552 1052 1590 uobis
1072 1553 1219 1591 scribae
1239 1561 1274 1592 et

1197 1605 1292 1659 [pha

799 1690 902 1729 Risei
923 1691 1120 1742 hyprocite
1141 1705 1220 1743 quo

798 1746 903 1783 niam
923 1747 1123 1784 comeditis
1144 1748 1194 1786 do

798 1811 882 1836 mos
902 1800 1104 1837 uiduarum
1124 1813 1172 1839 oc

797 1854 978 1891 cansione
999 1854 1116 1903 longa
1135 1862 1228 1893 ora*

797 1913 853 1944 tes
874 1914 1027 1956 propter
1045 1908 1118 1945 hoe
1138 1909 1259 1958 adcipi

797 1961 866 1997 etis
886 1961 1052 2010 amplius
1072 1962 1251 2000 iudicium

798 2013 825 2033 ¹⁵
839 2014 923 2052 Uae
943 2016 1055 2053 uobis
1075 2017 1222 2054 scribae
1243 2023 1281 2054 et

1197 2068 1291 2122 [pha

796 2121 883 2159 risei
903 2121 1097 2171 hyprocite
1119 2124 1208 2173 quia

795 2183 960 2214 c1rcu1t1s
980 2188 1084 2214 mare
1100 2185 1136 2214 et
1157 2178 1211 2215 ari

795 2228 884 2266 darn
905 2236 945 2267 ut
963 2242 1083 2268 unum
1103 2243 1221 2280 prosy

794 2282 901 2320 litum
922 2283 1065 2321 faciatis
1085 2291 1122 2321 et
1148 2297 1237 2322 cum

794 2336 904 2374 fuerit
923 2337 1045 2375 factus
1066 2337 1187 2376 facitis

793 2402 881 2428 eum
905 2391 1023 2428 filium
1043 2392 1217 2440 gehenne

794 2444 914 2493 duplo
934 2457 1050 2494 quam
1070 2458 1141 2484 uos

793 2497 904 2535 ¹⁶Uae
923 2500 1035 2536 uobis
1055 2499 1170 2538 duces
1186 2501 1289 2538 caeci

793 2552 858 2601 qui
879 2552 998 2590 dicitis
1019 2554 1213 2603 quicumq-

792 2605 968 2643 iurauerit
988 2607 1026 2643 in
1047 2608 1234 2656 templum

793 2659 886 2696 nihil
906 2666 962 2697 est
983 2661 1047 2709 qui
1068 2669 1196 2698 autem

792 2713 971 2751 iurauerit
991 2715 1030 2750 in
1051 2726 1145 2752 auro
1164 2721 1230 2753 te*

792 2767 843 2815 pli
864 2767 1010 2805 debitor
1029 2775 1086 2805 est

791 2820 931 2858 1⁷Stulti
941 2822 1283 2872 etcaeciquideni‘

792 2875 916 2912 maius
937 2882 994 2913 est
1013 2888 1147 2913 aurum
1169 2883 1233 2914 aut

794 2929 978 2978 templum
999 2930 1103 2979 quod
1124 2942 1216 2969 sanc

792 2983 910 3022 tificat
930 2995 1064 3022 aurum

1748 197 1804 234 M
1801 198 1835 235 A
1847 197 1887 235 T
1884 197 1960 235 TE
1963 197 2055 235 UM

1373 281 1453 311 F'ol.
1472 282 1530 312 26.

1372 323 1398 343 ¹⁸
1410 324 1461 361 Et
1480 325 1711 376 quicumque
1730 327 1810 365 iura

1372 378 1465 414 uerit
1485 378 1523 414 in
1544 379 1658 417 altare
1679 380 1771 417 nihil

1372 437 1429 468 est
1484 432 1551 469 sed
1580 434 1812 483 quicumque

1371 484 1546 523 iurauerit
1566 486 1604 522 in
1625 487 1729 525 dono
1749 488 1854 537 quod

1372 545 1428 575 est
1449 551 1560 587 super
1580 540 1685 576 illum
1706 542 1793 579 debi

1370 598 1431 628 tor
1445 600 1501 629 est
1514 593 1540 613 ¹⁹
1551 595 1652 630 caeci
1666 595 1757 643 quid
1771 596 1861 632 eni*

1371 646 1493 682 maius
1513 654 1570 684 est
1634 647 1780 684 donum
1800 656 1864 687 aut

1370 699 1486 736 altare
1507 700 1612 749 quod
1633 702 1779 739 sanctifi

1371 759 1431 789 cat
1451 753 1608 791 altarem
1645 753 1673 774 ²⁰
1686 757 1750 804 qui
1771 768 1863 805 ergo

1370 806 1547 844 iurauerit
1567 807 1606 844 in
1625 808 1780 847 altarem

1370 860 1464 897 iurat
1478 861 1564 897 etin
1578 873 1625 899 eo
1682 869 1719 899 et
1739 863 1776 899 in
1798 875 1862 900 om

1370 914 1481 952 nibus
1501 927 1574 964 que
1594 927 1708 965 super
1728 916 1818 953 illud

1368 966 1395 988 ²¹
1409 974 1445 1004 et
1466 969 1529 1017 qui
1548 969 1724 1007 iurauerit
1740 971 1779 1007 in
1796 978 1862 1008 te-

1368 1021 1431 1069 plo
1451 1022 1544 1059 iurat
1564 1023 1602 1059 in
1623 1023 1687 1061 illo
1706 1031 1744 1061 et
1764 1025 1828 1073 qui

1368 1074 1511 1113 habitat
1526 1076 1562 1112 in
1577 1077 1659 1125 ipso
1673 1076 1861 1126 ²²etquiiu

1369 1135 1423 1165 rat
1444 1129 1482 1165 in
1504 1130 1611 1167 caelo
1629 1131 1725 1168 iurat
1745 1132 1782 1167 in
1804 1140 1860 1169 tro

1368 1194 1418 1219 no
1434 1181 1473 1218 di
1512 1191 1548 1220 et
1568 1184 1606 1220 in
1620 1195 1666 1221 eo
1679 1185 1743 1234 qui
1757 1185 1861 1222 sedet

1368 1247 1480 1284 super
1500 1249 1625 1285 1psum

1367 1289 1479 1327 2³Uae
1499 1291 1609 1328 uobis
1631 1291 1776 1329 scribae
1797 1298 1833 1330 et

1367 1342 1531 1392 pharisei
1550 1344 1745 1393 hyprocite

1366 1397 1454 1446 quia
1474 1397 1671 1436 decimatis
1697 1405 1855 1437 menta*

1365 1458 1402 1488 et
1426 1458 1581 1488 anetum
1601 1459 1638 1488 et
1658 1453 1845 1502 cyminu-

1364 1511 1401 1541 et
1420 1505 1649 1554 relinquistis
1672 1519 1771 1555 quae

1361 1558 1537 1606 grauiora
1556 1566 1663 1597 erant
1682 1560 1777 1610 legis

1362 1699 1550 1737 Iudicium
1571 1706 1606 1738 et
1625 1701 1721 1738 mise

1361 1754 1564 1791 ricordiam
1621 1761 1658 1791 et
1677 1754 1779 1792 fide*

1362 1807 1456 1844 haec
1477 1815 1681 1857 oportuera
1700 1808 1737 1845 fa

1362 1873 1444 1898 cere
1465 1869 1501 1898 et
1520 1862 1582 1899 illa
1602 1874 1683 1899 non
1706 1862 1800 1900 omit

1360 1921 1436 1952 tere

1359 1969 1387 1988 ²⁴¹
1400 1968 1528 2006 Duces
1547 1969 1648 2007 caeci
1668 1969 1800 2019 liquan

1361 2029 1415 2059 tes
1435 2023 1596 2060 culicem
1617 2023 1739 2060 camel

1360 2076 1437 2113 lum
1462 2084 1589 2114 autern
1609 2077 1717 2126 glutti

1359 2137 1463 2167 entes

1359 2184 1386 2205 ²⁵
1399 2184 1481 2221 Uae
1501 2184 1613 2221 uobis
1634 2184 1781 2223 scribae
1797 2191 1835 2223 et

1360 2237 1521 2287 pharisei
1541 2237 1736 2287 hyprocite

1359 2293 1448 2341 quia
1468 2293 1685 2329 emundatis

1358 2346 1464 2395 quod
1484 2345 1623 2383 deforis
1643 2352 1698 2383 est
1714 2345 1786 2383 cali

1358 2401 1410 2437 cis
1430 2400 1467 2436 et
1487 2400 1699 2448 parapsidis
1718 2400 1819 2439 intus

1356 2460 1485 2491 autem
1506 2453 1639 2502 plenas
1660 2462 1748 2491 sunt

1358 2509 1510 2557 rapinas
1567 2515 1604 2545 et
1624 2509 1742 2545 intem

1357 2570 1526 2619 perentia
1541 2568 1568 2589 ²⁶
1579 2561 1742 2619 pharisei

1358 2626 1402 2661 ae
1423 2636 1511 2661 cece
1532 2624 1678 2661 munda
1698 2624 1803 2673 prius

1358 2677 1463 2728 quod
1484 2677 1530 2714 de
1552 2678 1651 2714 intus
1671 2687 1728 2716 est
1747 2690 1793 2716 ca

1355 2732 1435 2769 licis
1456 2738 1496 2768 ut
1517 2731 1580 2768 fiat
1600 2738 1636 2768 et
1655 2731 1692 2768 id
1713 2732 1820 2782 quod

1356 2785 1494 2823 deforis
1514 2792 1570 2822 est
1590 2797 1710 2823 unum

1354 2839 1540 2877 mundum

1355 2893 1381 2916 2⁷
1390 2893 1472 2930 Uae
1481 2893 1591 2930 uobis
1600 2894 1722 2932 scribe
1729 2899 1765 2932 et
1772 2893 1848 2944 pha

1355 2948 1439 2986 risei
1458 2946 1653 2998 hyprocite

2346 213 2391 250 ¹3

1899 326 2002 373 Quia
2022 327 2163 365 similes
2183 328 2271 366 estis
2291 340 2332 367 se

1900 380 2039 429 pulcris
2059 381 2242 419 dealbatis
2259 403 2267 411 ·

1900 435 1990 483 quia
2009 434 2100 473 foris
2120 443 2254 484 parent
2274 435 2324 473 ho

1900 488 2066 525 minibus
2087 489 2262 538 speciosa
2280 490 2320 527 in

1899 548 1958 578 tus
1977 554 2069 579 uero
2088 543 2201 591 plena
2220 550 2307 580 sunt

1898 596 2048 633 ossibus
2068 603 2307 634 mortuorum

1898 654 1935 684 et
1955 650 2061 686 omni
2081 651 2257 698 spurcitia
2273 672 2281 680 ·

1899 700 2101 740 ²⁸sicetu0s
2114 716 2136 740 a
2145 704 2233 741 foris
2243 703 2392 753 quide-

1898 756 2039 803 paretis
2064 756 2284 794 hominibus
2303 759 2391 796 iusti

1898 809 2000 846 intus
2019 817 2146 846 autem
2168 810 2269 858 pleni
2290 823 2332 848 es

1897 862 1945 899 tis
1965 862 2170 912 hyprocitis
2190 871 2226 901 et
2246 865 2365 915 iniqui

1896 921 1972 953 tate

1896 969 2015 1007 ²⁹Uae
2035 970 2146 1007 uobis
2166 971 2308 1009 scribae
2328 978 2365 1009 et

1897 1023 1982 1060 risei
1996 1023 2191 1072 hyprocite
2199 1026 2286 1073 quia
2296 1023 2392 1078 [pha

1897 1077 2102 1115 aedificatis
2122 1079 2294 1127 sepulcra

1896 1131 2129 1179 profetarum
2150 1139 2186 1169 et
2206 1144 2251 1169 or

1896 1184 1993 1222 natis
2009 1193 2260 1223 monumenta

1896 1238 2082 1275 iustorum

1895 1290 1922 1311 ³⁰
1935 1291 1983 1328 Et
1995 1292 2117 1330 dicitis
2131 1293 2220 1342 quia
2233 1293 2262 1330 si
2276 1293 2390 1331 fuisse

1894 1356 1980 1382 mus
1996 1345 2034 1382 in
2055 1346 2189 1383 diebus
2209 1354 2389 1395 patruum

1893 1405 2110 1436 nostrorum
2131 1412 2209 1438 non
2230 1412 2270 1437 es

1894 1463 2021 1490 semus
2042 1454 2133 1490 socii
2153 1455 2324 1503 ipsorum

1892 1506 1930 1542 in
1951 1507 2136 1556 sanguine
2156 1508 2306 1557 profeta

1891 1571 1976 1597 rurn

1891 1699 1917 1721 ³²
1931 1700 2067 1751 Itaque
2087 1702 2349 1740 testimonium

1890 1755 2048 1792 redditis
2067 1756 2179 1793 uobis
2199 1757 2290 1805 quia

1889 1808 1939 1845 fili
1960 1821 2092 1846 eorum
2113 1811 2202 1847 estis
2222 1811 2287 1859 qui

1889 1862 2056 1910 profetas
2076 1864 2298 1901 occiderunt

1887 1916 1916 1937 ³²
1931 1923 1967 1952 et
1987 1929 2057 1954 uos
2076 1917 2215 1966 inplete
2235 1929 2372 1955 mensu

1888 1981 1970 2006 ram
1990 1976 2140 2018 patrum
2159 1978 2288 2008 uestro

1887 2035 1971 2060 rum
1989 2024 2019 2044 ³³
2035 2032 2228 2074 serpentes
2248 2037 2346 2073 gene

1888 2077 1982 2115 ratio
2002 2078 2217 2126 uiperarum
2233 2091 2311 2127 quo

1887 2131 2005 2169 modo
2028 2132 2214 2181 effugietis
2234 2145 2256 2170 a
2276 2133 2314 2170 iu

1887 2184 2029 2222 dicium
2050 2186 2226 2234 gehenne

1885 2236 2010 2276 ³⁴Ide0
2023 2251 2113 2277 ecce
2125 2252 2197 2289 ego
2209 2239 2317 2277 mitto
2329 2239 2379 2278 ad

1886 2303 1957 2329 uos
1977 2292 2183 2342 prophetas
2202 2299 2239 2330 et
2259 2294 2340 2342 sapi

1884 2346 1982 2383 entis
2000 2354 2037 2384 et
2057 2348 2198 2384 scribas
2216 2354 2253 2384 et
2272 2359 2320 2384 ex

1886 2400 1956 2437 illis
1977 2401 2155 2438 occidetis
2174 2409 2211 2438 et
2229 2413 2296 2438 cru

1885 2454 1919 2491 ci
1940 2454 2060 2503 figeris
2080 2462 2115 2492 et
2135 2454 2324 2503 flagellabi

1885 2508 1930 2545 tis
1950 2509 1987 2544 in
2009 2509 2215 2557 synagogis
2235 2515 2270 2545 et
2290 2520 2360 2557 per

1885 2562 2086 2610 sequimini
2107 2562 2153 2599 de
2174 2562 2322 2600 ciuitate

1885 2616 1923 2652 in
1940 2615 2126 2653 ciuitate-³⁵
2140 2623 2176 2653 et
2192 2617 2318 2652 ueniat
2331 2627 2376 2653 su

1884 2681 1953 2718 per
1972 2681 2042 2708 uos
2062 2670 2189 2707 omnis
2209 2669 2364 2718 sanguis

1884 2723 2004 2761 iustus
2026 2724 2091 2773 qui
2111 2723 2317 2761 effunditur

1885 2788 1999 2825 super
2011 2784 2148 2814 terram
2158 2789 2180 2814 a
2188 2777 2375 2825 sanguine

1884 2830 1968 2868 abel
1988 2831 2073 2868 iusti
2089 2843 2211 2880 usque
2232 2831 2280 2867 ad
2306 2842 2376 2868 san

1882 2885 1998 2933 guine
2019 2885 2235 2923 zacchariae
2256 2884 2307 2921 fili

1881 2938 2072 2977 barachiel
2088 2950 2202 2989 quern
2221 2950 2268 2976 oc
