2504 3382
524 187 639 225 EUA
646 186 931 225 NGELIUM
965 186 1075 226 SEC

280 274 362 304 1¹01.
378 276 433 305 41.

281 328 301 355 I
312 317 495 354 Iohannes
514 317 695 354 testimoni

281 382 347 407 um
367 370 539 420 perhibet
559 370 606 408 de
625 373 704 418 xpo
724 369 762 407 di

280 436 372 462 cens
393 436 472 461 non
493 436 577 461 sun]
599 424 736 472 dignus

280 477 442 526 corrigia
459 478 696 515 calciamenti

281 531 362 568 eius
383 530 531 568 soluere

282 593 321 620 II
335 583 476 622 Iterum
497 585 668 622 iohannes
686 585 777 621 dicet

281 650 373 675 ecce
393 650 516 687 agnus
535 638 575 675 di
595 639 660 688 qui
680 639 776 676 tollit

280 699 479 740 peccatum
499 692 632 729 mundi

282 754 340 781 III
355 746 416 783 Et
431 747 586 783 ostendit
603 746 660 782 2735
679 746 753 782 dis-

625 797 776 851 [cz'pulz's

283 852 360 889 suis
381 852 446 889 ubi
466 861 636 890 maneret
655 860 691 890 et
710 865 748 890 se

283 906 358 943 cuti
378 914 466 944 sunt
485 919 573 943 eum

283 968 358 995 IIII
381 959 456 997 Ubi
471 960 529 997 ihs
548 960 589 996 de
607 972 706 1008 aqua

629 1012 777 1065 [uinum

282 1065 370 1104 fecit
388 1066 426 1103 in
446 1065 568 1104 chana
587 1067 720 1116 galilae

283 1132 329 1157 ae

287 1182 310 1208 U
320 1171 377 1209 Et
392 1173 492 1209 ez'ecz't
508 1172 565 1210 2725
585 1173 625 1210 de
639 1175 764 1222 templo

283 1237 419 1264 omnes
439 1226 641 1264 uindentes
665 1233 702 1264 et

284 1279 380 1317 dixit
400 1280 537 1317 domus
557 1281 679 1318 oratio

283 1333 342 1371 nis
362 1341 419 1371 est
439 1333 576 1372 domus
596 1334 714 1383 patris

282 1387 358 1424 mei
660 1385 782 1439 [dixit

287 1450 328 1476 Ul
351 1441 426 1478 Ubi
440 1441 602 1490 baptizat
619 1442 677 1478 ihs
695 1446 728 1478 et

283 1494 459 1533 iohannis
480 1495 673 1544 discipulis
700 1495 777 1533 suis

283 1560 357 1597 ego
377 1561 456 1585 non
472 1555 560 1586 sunt
580 1552 653 1597 xps
701 1546 778 1600 [lus

288 1612 345 1638 CII
367 1601 445 1647 Qui
455 1615 525 1640 non
530 1603 662 1652 suerit
670 1616 777 1640 rena-

284 1654 412 1693 denuo
433 1669 480 1694 ex
500 1669 601 1706 aqua
620 1662 657 1694 et
677 1659 748 1705 spu

286 1742 430 1780 Sancto
449 1755 528 1780 non
549 1743 701 1780 intrauit

283 1797 322 1833 in
342 1809 502 1845 regnum
523 1797 564 1835 di
652 1794 777 1848 [iudea

289 1859 365 1886 UIII
387 1850 463 1888 Ubi
477 1852 621 1888 secessit
636 1850 693 1888 ilis
712 1864 736 1887 α

285 1911 321 1941 et
341 1905 445 1941 uenit
466 1904 505 1941 in
525 1905 727 1942 samariam

289 1967 384 1994 ιΊΙΙΙ
389 1957 521 1996 Sedens
526 1965 634 2007 super
632 1965 662 2007 p
666 1963 780 1996 uteu-

284 2013 482 2049 mulierem
503 2024 650 2049 samma

285 2066 437 2103 ritinam
456 2067 549 2115 petit
570 2067 698 2103 bibere

285 2126 323 2157 et
343 2119 432 2157 dicit
451 2120 644 2169 discipulis
667 2119 742 2157 suis

286 2173 347 2211 alii
367 2173 636 2211 laborauerunt
656 2180 693 2211 et

288 2239 359 2264 uos
379 2228 418 2264 in
438 2228 588 2266 labores
608 2228 779 2277 ipsorum

286 2281 466 2318 introistis

289 2344 316 2371 X
332 2334 462 2372 Omnis
470 2335 620 2384 prcfi'ta
640 2336 717 2372 sine

286 2388 434 2426 honore
454 2396 509 2426 est
529 2389 566 2425 in
586 2389 704 2438 patria

287 2454 355 2480 sua
374 2443 439 2479 ubi
458 2442 574 2479 filium
594 2442 715 2492 reguli

287 2496 436 2533 sanauit

289 2559 335 2586 XI
352 2548 402 2586 In
414 2551 598 2598 porticum
616 2550 746 2586 solomo

287 2603 347 2641 nis
367 2603 415 2640 ad
436 2603 659 2640 natatoriam
679 2604 739 2652 pis

287 2657 414 2695 cinam
434 2656 630 2694 hominem
649 2658 697 2694 ab

288 2710 504 2748 infirmitate
523 2717 700 2748 annom*

289 2765 436 2803 xxxuiii
457 2784 465 2793 ·
487 2765 635 2802 sanauit

292 2827 356 2855 XII
367 2818 427 2856 De
445 2820 602 2867 quinque
612 2825 730 2868 panes
742 2831 784 2856 or

291 2872 434 2910 diacios
453 2879 490 2909 et
509 2872 607 2910 duos
627 2873 751 2922 pisces

291 2926 357 2962 ubi
377 2926 512 2964 uolunt
532 2938 619 2964 eum
641 2933 728 2964 tene

291 2991 331 3016 re
350 2979 388 3016 in
407 2992 537 3030 regem
557 2987 594 3018 et
611 2981 706 3030 sugit

810 315 859 353 Et
879 316 984 353 uenit
1004 316 1052 353 ad
1072 315 1220 364 discipu

810 369 866 407 los
887 370 1087 407 ambulans
1108 381 1223 418 supra

809 434 914 460 mare
935 430 970 460 et
991 424 1084 460 dixit
1104 435 1178 473 ego
1198 429 1270 460 su*

808 477 918 525 panis
937 477 1038 514 uitae

810 539 893 566 XIII
914 530 1009 568 Cum
1029 530 1165 579 aliquis
1176 529 1218 566 de
1236 528 1294 566 dis

809 583 942 632 cipulis
962 584 1107 621 abirent
1127 590 1227 620 retro

809 637 904 673 dixit
923 637 1098 686 numquit
1117 643 1155 674 et
1174 647 1244 673 uos

808 690 921 728 uultis
941 691 1019 728 irae
1212 686 1303 740 [ihm

810 753 912 780 XIIII
930 744 986 781 Et
1003 745 1186 781 dixerunt
1202 743 1256 779 ad

812 798 944 835 fratres
963 798 1043 835 eius
1063 797 1162 834 uade

811 852 900 888 hinc
919 852 959 888 in
978 851 1130 888 iudearn
1151 857 1187 887 et
1207 849 1244 887 di

811 906 865 942 xit
882 905 940 942 ihs
960 905 1074 942 nolite
1094 903 1219 941 iudica

812 971 851 996 re
873 959 1083 997 secundum
1099 957 1225 994 facie-

812 1013 968 1061 queritis
988 1024 1050 1049 me
1071 1017 1108 1048 et
1127 1011 1192 1047 ubi
1220 1010 1306 1047 sunt

811 1078 890 1104 non
911 1065 1067 1114 potestis
1086 1065 1218 1101 uenire

813 1129 866 1155 XI)
881 1119 959 1165 Qui
972 1120 1053 1156 sitit
1069 1120 1193 1155 ueniat
1213 1117 1312 1154 bibat

813 1173 909 1211 sicut
930 1173 1112 1220 scripturn
1132 1178 1188 1208 est

814 1236 883 1262 XEI
896 1226 1100 1262 Adducunt
1117 1225 1170 1261 ad
1184 1237 1263 1261 eum

813 1280 1013 1316 mulierem
1034 1280 1072 1315 in
1095 1277 1183 1315 adul

812 1334 904 1371 terio
925 1332 1214 1382 depraehensa-

815 1396 902 1423 XL'II
913 1386 971 1424 Et
987 1387 1091 1423 dixit
1107 1385 1165 1422 ilis
1181 1385 1293 1421 iudeis

813 1440 1065 1478 exaltaueritis
1085 1439 1203 1476 filium
1221 1436 1311 1491 [clf

812 1494 977 1533 hominis
998 1504 1191 1542 cognosce

813 1548 859 1586 tis
879 1548 968 1598 quia
987 1559 1060 1597 ego
1080 1558 1164 1584 sum
1185 1552 1222 1584 et

811 1740 912 1778 Ante
931 1741 1114 1779 abraham
1134 1754 1207 1792 ego

811 1807 896 1833 sum

812 1858 919 1885 XUIII
930 1848 990 1886 De
1007 1861 1081 1887 ceco
1100 1851 1293 1887 natz'uz'tate

812 1904 872 1941 cui
892 1903 1000 1940 linuit
1019 1904 1152 1941 oculus
1171 1910 1208 1941 et
1227 1904 1265 1941 di

813 1957 867 1994 xit
886 1956 983 1993 uade
1003 1957 1052 1993 ad
1072 1957 1206 1994 siloam

814 2010 1023 2059 XUIIIIEgo
1028 2023 1109 2049 sum
1108 2015 1244 2060 pastor
1252 2009 1308 2048 bo-

814 2076 886 2102 nus
905 2065 969 2114 qui
990 2076 1096 2113 pono
1117 2065 1284 2102 animam

814 2130 885 2167 pro
905 2118 1042 2155 ouibus

816 2181 871 2207 XX
883 2171 1030 2208 Dicunt
1045 2173 1081 2209 εἰ
1089 2172 1263 2221 pharisei
1275 2173 1314 2208 sz'

815 2233 856 2263 tu
875 2237 916 2263 es
936 2229 1008 2274 xps
1028 2225 1088 2263 dic
1109 2226 1221 2263 nobis
1241 2237 1291 2275 pa

814 2279 890 2316 lam

817 2343 891 2369 XXI
908 2332 1160 2370 sz‘lazarum
1172 2335 1314 2371 resuscz'

816 2394 870 2425 tat
890 2394 1024 2435 quarta
1043 2387 1103 2424 die

817 2440 1114 2489 XXIIEtadcepit
1123 2442 1247 2478 maria
1259 2455 1309 2479 un

815 2502 1000 2545 guentum
1020 2502 1057 2532 et
1075 2495 1181 2532 unxit
1201 2507 1248 2544 pe

816 2550 883 2587 des
903 2549 968 2586 ihu
987 2555 1022 2585 et
1042 2548 1202 2597 pharisei
1222 2560 1274 2586 uo

815 2602 944 2640 lebant
964 2602 1138 2640 occidere
1158 2602 1194 2640 la

816 2668 947 2694 zarum

819 2720 930 2747 XXIII
941 2709 996 2747 E't
1011 2709 1114 2747 turbe
1132 2710 1273 2758 adcepe-

818 2765 931 2802 flores
940 2763 1152 2813 palmarum
1160 2771 1195 2801 et
1205 2761 1316 2816 [runt

818 2819 996 2857 dicebant
1016 2829 1163 2855 osanna
1183 2826 1218 2854 et

819 2873 968 2910 dicebat
987 2871 1045 2909 ihs
1064 2871 1129 2921 qui
1150 2877 1252 2909 amat

818 2927 988 2964 animam
1007 2937 1115 2963 suam
1137 2937 1204 2974 per

818 2980 881 3019 det
900 2991 986 3018 eam

1723 185 1821 224 [ΘΑ
1828 185 2012 224 DHEM

1373 274 1454 303 Fol.
1471 274 1528 302 42.

1374 325 1502 352 XXIIII
1516 315 1610 353 Cum
1627 317 1741 353 multa
1755 317 1865 365 signa

1373 368 1524 406 fecisset
1544 369 1600 406 ihs
1621 370 1771 407 dicebat

1373 434 1446 471 ego
1466 423 1530 460 lux
1552 424 1590 459 in
1610 423 1711 462 hunc
1731 428 1826 460 mu-

1373 476 1467 513 dum

1374 539 1460 565 XXL'·
1487 529 1560 567 sz·
1571 531 1677 579 pedes
1697 529 1756 567 ihs
1773 530 1872 568 disci

1371 584 1548 632 pulorum
1569 584 1670 621 lauat

1374 646 1428 672 XX
1432 646 1470 672 L'I
1474 636 1615 674 Etcum
1628 638 1752 674 exiret
1760 637 1868 674 iudas

1371 697 1412 727 ut
1433 690 1594 727 traderet
1614 691 1720 727 ihum

1373 743 1465 781 dixit
1485 745 1518 780 ei
1539 744 1597 781 ihs
1617 743 1720 792 quod
1740 743 1777 782 fa

1373 797 1427 834 cis
1447 797 1506 835 fac
1526 798 1682 835 celerius

1374 861 1497 888 XXIJII·
1514 851 1570 888 Et
1586 864 1666 888 cum
1687 852 1778 888 dicit
1794 850 1853 888 ihs

1374 905 1566 954 discipulis
1587 905 1728 954 diligite
1748 905 1787 941 in

1373 960 1500 996 uicem
1521 971 1602 997 uos·
1625 967 1661 996 et
1681 966 1789 1008 petro

1375 1012 1465 1049 dicit
1485 1019 1541 1049 ter
1561 1024 1622 1049 me
1644 1012 1802 1061 negauis

1376 1078 1448 1114 ego
1469 1078 1554 1103 sum
1574 1067 1635 1102 uia
1654 1072 1691 1103 et
1710 1077 1758 1103 ue

1378 1120 1467 1156 ritas

1379 1183 1520 1210 XXIIII·
1542 1171 1593 1209 Sz‘
1608 1173 1765 1221 dz'lzgrz'tzlv
1784 1185 1837 1209 me

1378 1233 1582 1276 praecepta
1601 1239 1687 1264 mea
1707 1238 1774 1264 eus

1378 1281 1507 1318 todite·
1528 1287 1563 1317 et
1578 1280 1724 1328 rogabo

1378 1341 1523 1383 patrem
1544 1346 1672 1371 meum
1692 1341 1728 1370 et

1378 1388 1490 1424 mittit
1510 1388 1620 1425 uobis
1641 1391 1739 1436 spm·

1379 1442 1545 1478 ueritatis

1381 1504 1434 1530 XX
1439 1504 1540 1531 CIIII-
1548 1494 1634 1543 Ego
1645 1507 1724 1532 sum
1738 1496 1826 1532 uitis
1833 1506 1875 1531 ue

1378 1559 1419 1585 ra
1438 1555 1473 1586 et
1495 1556 1600 1597 pater
1620 1560 1728 1586 meus

1378 1741 1559 1791 Agricola
1578 1742 1608 1779 si
1628 1753 1690 1778 me
1710 1741 1773 1779 dili

1379 1796 1517 1845 geretis
1537 1796 1752 1844 gauderetis

1380 1850 1468 1899 quia
1487 1849 1588 1887 uado
1608 1849 1656 1887 ad
1676 1854 1808 1898 patre*

1381 1913 1464 1939 XXX
1480 1903 1606 1940 Uenz'et
1622 1916 1688 1940 ora
1709 1907 1751 1940 ut
1765 1903 1834 1951 qui

1379 1969 1449 1995 uos
1471 1957 1648 1995 occiderit
1668 1964 1774 2005 putet

1380 2023 1419 2049 se
1438 2011 1665 2060 obsequium
1685 2010 1738 2048 do

1379 2065 1502 2102 facere
1522 2072 1558 2102 et
1580 2064 1754 2102 tristitia*

1379 2118 1565 2156 habebitis
1585 2118 1652 2155 sed
1671 2118 1794 2155 iteru*

1379 2173 1521 2209 uideuo
1541 2183 1613 2209 uos
1633 2178 1670 2209 et
1689 2183 1766 2220 gau

1379 2226 1481 2263 deuit
1501 2238 1566 2263 cor
1585 2231 1746 2262 uestru-

1381 2290 1483 2316 XXXI
1494 2279 1552 2315 Et
1567 2280 1712 2316 eleuatis
1732 2279 1845 2316 oculis

1380 2334 1437 2371 ihs
1458 2334 1551 2370 dixit
1571 2333 1735 2370 clarifica

1379 2388 1499 2424 filiurn
1519 2394 1626 2424 tuum

1380 2450 1509 2477 XXXII·
1531 2441 1651 2478 Pater
1668 2444 1788 2477 sancte
1806 2452 1866 2477 ser

1378 2506 1427 2531 ua
1446 2505 1513 2532 eos
1532 2495 1571 2531 in
1591 2494 1747 2531 nomine

1381 2555 1446 2585 tuo
1467 2548 1505 2585 id
1525 2556 1581 2585 est
1601 2548 1774 2597 discipuli
1794 2547 1834 2584 di

1381 2611 1521 2639 XXXIII
1533 2601 1591 2639 Et
1599 2603 1793 2639 duxerunt
1800 2600 1876 2638 I'Hm

1380 2655 1429 2693 ad
1449 2667 1592 2693 annam
1611 2663 1646 2693 et
1666 2655 1725 2692 cai

1381 2709 1497 2758 pham
1518 2716 1554 2746 et
1573 2709 1622 2746 ad
1642 2709 1790 2758 pilatu-

1384 2772 1548 2799 XXXIIII·
1557 2762 1614 2799 Et
1619 2764 1659 2799 de
1665 2775 1769 2800 cruce
1775 2763 1879 2800 dixit

1381 2816 1440 2853 ihs
1460 2816 1644 2866 discipulo
1665 2822 1769 2866 que*

1383 2870 1564 2919 diligebat
1583 2882 1672 2908 ecee
1692 2882 1758 2908 ma

1382 2931 1438 2962 ter
1457 2931 1522 2960 tua

1347 2989 1350 3013 ι
1386 2986 1503 3013 XXXII·
1521 2978 1617 3016 Post
1632 2979 1848 3015 resurrectio

2346 199 2389 224 21

1900 312 2002 351 Nem
2023 314 2197 361 apparuit
2217 314 2275 351 ihs

1900 366 2094 415 discipulis
2115 374 2151 404 et
2171 379 2251 405 non

1900 420 2104 458 credebant
2124 419 2276 458 thomas

1899 481 1936 512 et
1955 474 2090 511 iterum
2109 475 2284 523 apparuit

1899 535 1935 565 et
1955 528 2175 576 increpabat
2194 539 2284 565 eum

1902 590 1983 617 XXX
1989 590 2036 616 ΕΙ·
2052 579 2110 616 Et
2121 594 2200 618 cum
2216 583 2318 620 tertio
2334 595 2395 620 ma

1901 633 2091 671 nifestaret
2111 646 2151 671 se
2172 635 2229 672 ihs

1902 687 2097 734 discipulis
2117 694 2153 725 et
2176 689 2226 725 ait
2246 700 2294 737 pe

1902 747 1960 777 tro
1981 740 2112 777 dicens
2133 747 2199 777 ter·
2219 754 2288 791 pas

1904 806 1948 832 ce
1968 804 2062 832 oues
2081 805 2187 832 meas
