<?xml version="1.0" encoding="UTF-8"?>
<!DOCTYPE html PUBLIC "-//W3C//DTD XHTML 1.0 Transitional//EN"
    "http://www.w3.org/TR/xhtml1/DTD/xhtml1-transitional.dtd">
<html xmlns="http://www.w3.org/1999/xhtml" xml:lang="en" lang="en">
 <head>
  <title>
</title>
<meta http-equiv="Content-Type" content="text/html;charset=utf-8" />
  <meta name='ocr-system' content='tesseract 3.04.00' />
  <meta name='ocr-capabilities' content='ocr_page ocr_carea ocr_par ocr_line ocrx_word'/>
</head>
<body>
  <div class='ocr_page' id='page_1' title='image "./fourgospelsfromc00buchuoft_0060.png"; bbox 0 0 2504 3382; ppageno 0'>
   <div class='ocr_carea' id='block_1_1' title="bbox 131 207 179 242">
    <p class='ocr_par' dir='ltr' id='par_1_1' title="bbox 131 207 179 242">
     <span class='ocr_line' id='line_1_1' title="bbox 131 207 179 242; baseline 0.021 -1"><span class='ocrx_word' id='word_1_1' title='bbox 131 207 179 242; x_wconf 81' lang='lat'>44</span> 
     </span>
    </p>
   </div>
   <div class='ocr_carea' id='block_1_2' title="bbox 121 282 618 1550">
    <p class='ocr_par' dir='ltr' id='par_1_2' title="bbox 131 282 288 313">
     <span class='ocr_line' id='line_1_2' title="bbox 131 282 288 313; baseline 0.006 -2"><span class='ocrx_word' id='word_1_2' title='bbox 131 282 211 313; x_wconf 80' lang='lat' dir='ltr'>Fol.</span> <span class='ocrx_word' id='word_1_3' title='bbox 230 283 288 312; x_wconf 88' lang='lat'>86.</span> 
     </span>
    </p>

    <p class='ocr_par' dir='ltr' id='par_1_3' title="bbox 130 324 563 427">
     <span class='ocr_line' id='line_1_3' title="bbox 133 324 563 375; baseline 0.002 -14"><span class='ocrx_word' id='word_1_4' title='bbox 133 325 208 363; x_wconf 89' lang='lat' dir='ltr'>Sed</span> <span class='ocrx_word' id='word_1_5' title='bbox 228 324 333 375; x_wconf 89' lang='lat' dir='ltr'>quasi</span> <span class='ocrx_word' id='word_1_6' title='bbox 353 325 491 373; x_wconf 88' lang='lat' dir='ltr'>gubitis</span> <span class='ocrx_word' id='word_1_7' title='bbox 511 324 563 362; x_wconf 90' lang='lat' dir='ltr'>du</span> 
     </span>
     <span class='ocr_line' id='line_1_4' title="bbox 130 378 490 427; baseline 0 -12"><span class='ocrx_word' id='word_1_8' title='bbox 130 380 250 416; x_wconf 88' lang='lat' dir='ltr'>centis</span> <span class='ocrx_word' id='word_1_9' title='bbox 270 378 490 427; x_wconf 77' lang='lat' dir='ltr'>trahendtes</span> 
     </span>
    </p>

    <p class='ocr_par' dir='ltr' id='par_1_4' title="bbox 130 433 402 481">
     <span class='ocr_line' id='line_1_5' title="bbox 130 433 402 481; baseline -0.004 -12"><span class='ocrx_word' id='word_1_10' title='bbox 130 433 222 469; x_wconf 87' lang='lat' dir='ltr'>retia</span> <span class='ocrx_word' id='word_1_11' title='bbox 241 433 402 481; x_wconf 86' lang='lat' dir='ltr'>piscium</span> 
     </span>
    </p>

    <p class='ocr_par' dir='ltr' id='par_1_5' title="bbox 127 484 598 747">
     <span class='ocr_line' id='line_1_6' title="bbox 130 484 598 534; baseline -0.002 -12"><span class='ocrx_word' id='word_1_12' title='bbox 130 485 203 522; x_wconf 74' lang='lat' dir='ltr'>⁹Ut</span> <span class='ocrx_word' id='word_1_13' title='bbox 223 498 315 534; x_wconf 86' lang='lat' dir='ltr'>ergo</span> <span class='ocrx_word' id='word_1_14' title='bbox 339 484 598 522; x_wconf 81' lang='lat' dir='ltr'>descenderu-</span> 
     </span>
     <span class='ocr_line' id='line_1_7' title="bbox 129 539 559 576; baseline 0 -1"><span class='ocrx_word' id='word_1_15' title='bbox 129 539 167 575; x_wconf 91' lang='lat' dir='ltr'>in</span> <span class='ocrx_word' id='word_1_16' title='bbox 188 546 323 575; x_wconf 89' lang='lat' dir='ltr'>terram</span> <span class='ocrx_word' id='word_1_17' title='bbox 345 539 476 575; x_wconf 91' lang='lat' dir='ltr'>uident</span> <span class='ocrx_word' id='word_1_18' title='bbox 495 551 559 576; x_wconf 89' lang='lat' dir='ltr'>car</span> 
     </span>
     <span class='ocr_line' id='line_1_8' title="bbox 129 592 581 640; baseline -0.002 -11"><span class='ocrx_word' id='word_1_19' title='bbox 129 593 251 629; x_wconf 92' lang='lat' dir='ltr'>bones</span> <span class='ocrx_word' id='word_1_20' title='bbox 270 592 448 629; x_wconf 92' lang='lat' dir='ltr'>incensos</span> <span class='ocrx_word' id='word_1_21' title='bbox 467 598 503 629; x_wconf 93' lang='lat' dir='ltr'>et</span> <span class='ocrx_word' id='word_1_22' title='bbox 523 592 581 640; x_wconf 90' lang='lat' dir='ltr'>pis</span> 
     </span>
     <span class='ocr_line' id='line_1_9' title="bbox 128 653 561 694; baseline 0 -12"><span class='ocrx_word' id='word_1_23' title='bbox 128 658 212 682; x_wconf 92' lang='lat' dir='ltr'>cern</span> <span class='ocrx_word' id='word_1_24' title='bbox 233 653 269 683; x_wconf 90' lang='lat' dir='ltr'>et</span> <span class='ocrx_word' id='word_1_25' title='bbox 288 657 428 694; x_wconf 89' lang='lat' dir='ltr'>panem</span> <span class='ocrx_word' id='word_1_26' title='bbox 449 657 561 694; x_wconf 93' lang='lat' dir='ltr'>super</span> 
     </span>
     <span class='ocr_line' id='line_1_10' title="bbox 127 699 293 747; baseline -0.006 -11"><span class='ocrx_word' id='word_1_27' title='bbox 127 699 293 747; x_wconf 89' lang='lat' dir='ltr'>positum</span> 
     </span>
    </p>

    <p class='ocr_par' dir='ltr' id='par_1_6' title="bbox 126 751 618 908">
     <span class='ocr_line' id='line_1_11' title="bbox 128 751 618 790; baseline 0 -1"><span class='ocrx_word' id='word_1_28' title='bbox 128 752 263 789; x_wconf 81' lang='lat' dir='ltr'>¹0Dicit</span> <span class='ocrx_word' id='word_1_29' title='bbox 275 753 329 790; x_wconf 92' lang='lat' dir='ltr'>eis</span> <span class='ocrx_word' id='word_1_30' title='bbox 344 753 400 789; x_wconf 78' lang='lat' dir='ltr'>ihs</span> <span class='ocrx_word' id='word_1_31' title='bbox 413 751 554 789; x_wconf 89' lang='lat' dir='ltr'>adferte</span> <span class='ocrx_word' id='word_1_32' title='bbox 571 752 618 789; x_wconf 93' lang='lat' dir='ltr'>de</span> 
     </span>
     <span class='ocr_line' id='line_1_12' title="bbox 127 806 577 856; baseline 0.002 -14"><span class='ocrx_word' id='word_1_33' title='bbox 127 806 294 855; x_wconf 88' lang='lat' dir='ltr'>piscipus</span> <span class='ocrx_word' id='word_1_34' title='bbox 313 818 411 856; x_wconf 89' lang='lat' dir='ltr'>quos</span> <span class='ocrx_word' id='word_1_35' title='bbox 432 818 513 842; x_wconf 91' lang='lat' dir='ltr'>nun</span> <span class='ocrx_word' id='word_1_36' title='bbox 534 818 577 843; x_wconf 92' lang='lat' dir='ltr'>ce</span> 
     </span>
     <span class='ocr_line' id='line_1_13' title="bbox 126 860 233 908; baseline 0.019 -13"><span class='ocrx_word' id='word_1_37' title='bbox 126 860 233 908; x_wconf 88' lang='lat' dir='ltr'>pistis</span> 
     </span>
    </p>

    <p class='ocr_par' dir='ltr' id='par_1_7' title="bbox 122 913 618 1378">
     <span class='ocr_line' id='line_1_14' title="bbox 127 913 618 961; baseline -0.002 -11"><span class='ocrx_word' id='word_1_38' title='bbox 127 913 336 950; x_wconf 75' lang='lat' dir='ltr'>”Ascendit</span> <span class='ocrx_word' id='word_1_39' title='bbox 350 913 474 950; x_wconf 88' lang='lat' dir='ltr'>simon</span> <span class='ocrx_word' id='word_1_40' title='bbox 489 920 618 961; x_wconf 87' lang='lat' dir='ltr'>petrus</span> 
     </span>
     <span class='ocr_line' id='line_1_15' title="bbox 126 967 577 1004; baseline -0.002 -1"><span class='ocrx_word' id='word_1_41' title='bbox 126 973 164 1004; x_wconf 87' lang='lat' dir='ltr'>et</span> <span class='ocrx_word' id='word_1_42' title='bbox 183 967 294 1004; x_wconf 85' lang='lat' dir='ltr'>traxit</span> <span class='ocrx_word' id='word_1_43' title='bbox 314 975 432 1003; x_wconf 88' lang='lat' dir='ltr'>retem</span> <span class='ocrx_word' id='word_1_44' title='bbox 453 967 501 1003; x_wconf 88' lang='lat' dir='ltr'>ad</span> <span class='ocrx_word' id='word_1_45' title='bbox 521 974 577 1003; x_wconf 86' lang='lat' dir='ltr'>ter</span> 
     </span>
     <span class='ocr_line' id='line_1_16' title="bbox 124 1020 567 1068; baseline -0.005 -11"><span class='ocrx_word' id='word_1_46' title='bbox 124 1032 206 1057; x_wconf 92' lang='lat' dir='ltr'>ram</span> <span class='ocrx_word' id='word_1_47' title='bbox 225 1020 381 1068; x_wconf 91' lang='lat' dir='ltr'>plenum</span> <span class='ocrx_word' id='word_1_48' title='bbox 400 1020 567 1067; x_wconf 80' lang='lat' dir='ltr'>piscibus</span> 
     </span>
     <span class='ocr_line' id='line_1_17' title="bbox 125 1073 560 1121; baseline -0.007 -11"><span class='ocrx_word' id='word_1_49' title='bbox 125 1074 273 1121; x_wconf 86' lang='lat' dir='ltr'>magnis</span> <span class='ocrx_word' id='word_1_50' title='bbox 293 1080 444 1110; x_wconf 87' lang='lat' dir='ltr'>centum</span> <span class='ocrx_word' id='word_1_51' title='bbox 465 1073 560 1121; x_wconf 61' lang='lat' dir='ltr'>qui*</span> 
     </span>
     <span class='ocr_line' id='line_1_18' title="bbox 124 1127 591 1176; baseline -0.002 -13"><span class='ocrx_word' id='word_1_52' title='bbox 124 1127 306 1176; x_wconf 80' lang='lat' dir='ltr'>quaginta</span> <span class='ocrx_word' id='word_1_53' title='bbox 326 1127 442 1162; x_wconf 90' lang='lat' dir='ltr'>tribus</span> <span class='ocrx_word' id='word_1_54' title='bbox 462 1134 498 1163; x_wconf 87' lang='lat' dir='ltr'>et</span> <span class='ocrx_word' id='word_1_55' title='bbox 519 1132 591 1163; x_wconf 73' lang='lat' dir='ltr'>cu·</span> 
     </span>
     <span class='ocr_line' id='line_1_19' title="bbox 123 1182 538 1217; baseline -0.002 0"><span class='ocrx_word' id='word_1_56' title='bbox 123 1182 216 1217; x_wconf 88' lang='lat' dir='ltr'>tanti</span> <span class='ocrx_word' id='word_1_57' title='bbox 236 1187 363 1217; x_wconf 82' lang='lat' dir='ltr'><strong>essent</strong></span> <span class='ocrx_word' id='word_1_58' title='bbox 383 1192 462 1217; x_wconf 91' lang='lat' dir='ltr'>non</span> <span class='ocrx_word' id='word_1_59' title='bbox 482 1187 538 1217; x_wconf 90' lang='lat' dir='ltr'>est</span> 
     </span>
     <span class='ocr_line' id='line_1_20' title="bbox 122 1234 417 1271; baseline -0.003 0"><span class='ocrx_word' id='word_1_60' title='bbox 122 1234 279 1271; x_wconf 90' lang='lat' dir='ltr'>scissum</span> <span class='ocrx_word' id='word_1_61' title='bbox 300 1241 417 1271; x_wconf 88' lang='lat' dir='ltr'>retem</span> 
     </span>
     <span class='ocr_line' id='line_1_21' title="bbox 122 1287 612 1336; baseline 0.002 -13"><span class='ocrx_word' id='word_1_62' title='bbox 122 1287 297 1324; x_wconf 82' lang='lat' dir='ltr'>¹²Dicitei</span> <span class='ocrx_word' id='word_1_63' title='bbox 312 1288 368 1324; x_wconf 79' lang='lat' dir='ltr'>ihs</span> <span class='ocrx_word' id='word_1_64' title='bbox 381 1287 506 1324; x_wconf 88' lang='lat' dir='ltr'>uenite</span> <span class='ocrx_word' id='word_1_65' title='bbox 519 1299 612 1336; x_wconf 89' lang='lat' dir='ltr'>pran</span> 
     </span>
     <span class='ocr_line' id='line_1_22' title="bbox 123 1341 208 1378; baseline 0.012 -1"><span class='ocrx_word' id='word_1_66' title='bbox 123 1341 208 1378; x_wconf 89' lang='lat' dir='ltr'>dete</span> 
     </span>
    </p>

    <p class='ocr_par' dir='ltr' id='par_1_8' title="bbox 121 1395 582 1550">
     <span class='ocr_line' id='line_1_23' title="bbox 122 1395 582 1432; baseline 0 -1"><span class='ocrx_word' id='word_1_67' title='bbox 122 1395 252 1432; x_wconf 92' lang='lat' dir='ltr'>Nemo</span> <span class='ocrx_word' id='word_1_68' title='bbox 271 1400 399 1431; x_wconf 90' lang='lat' dir='ltr'>tamen</span> <span class='ocrx_word' id='word_1_69' title='bbox 419 1395 582 1432; x_wconf 82' lang='lat' dir='ltr'>audebat</span> 
     </span>
     <span class='ocr_line' id='line_1_24' title="bbox 121 1448 507 1485; baseline 0.003 -1"><span class='ocrx_word' id='word_1_70' title='bbox 121 1448 347 1485; x_wconf 91' lang='lat' dir='ltr'>discentium</span> <span class='ocrx_word' id='word_1_71' title='bbox 368 1449 507 1485; x_wconf 88' lang='lat' dir='ltr'>interro</span> 
     </span>
     <span class='ocr_line' id='line_1_25' title="bbox 123 1503 545 1550; baseline 0.002 -12"><span class='ocrx_word' id='word_1_72' title='bbox 123 1513 213 1549; x_wconf 87' lang='lat' dir='ltr'>gare</span> <span class='ocrx_word' id='word_1_73' title='bbox 232 1513 321 1538; x_wconf 94' lang='lat' dir='ltr'>eum</span> <span class='ocrx_word' id='word_1_74' title='bbox 341 1508 380 1538; x_wconf 90' lang='lat' dir='ltr'>tu</span> <span class='ocrx_word' id='word_1_75' title='bbox 401 1503 484 1550; x_wconf 86' lang='lat' dir='ltr'>quis</span> <span class='ocrx_word' id='word_1_76' title='bbox 504 1514 545 1539; x_wconf 90' lang='lat' dir='ltr'>es</span> 
     </span>
    </p>
   </div>
   <div class='ocr_carea' id='block_1_3' title="bbox 123 1556 613 1661">
    <p class='ocr_par' dir='ltr' id='par_1_9' title="bbox 123 1556 613 1661">
     <span class='ocr_line' id='line_1_26' title="bbox 123 1556 613 1661; baseline 0 -69"><span class='ocrx_word' id='word_1_77' title='bbox 123 1556 284 1593; x_wconf 88' lang='lat' dir='ltr'>scientes</span> <span class='ocrx_word' id='word_1_78' title='bbox 315 1556 403 1604; x_wconf 88' lang='lat' dir='ltr'>quia</span> <span class='ocrx_word' id='word_1_79' title='bbox 437 1556 539 1661; x_wconf 80' lang='lat' dir='ltr'>ipse[</span> <span class='ocrx_word' id='word_1_80' title='bbox 556 1562 613 1593; x_wconf 91' lang='lat' dir='ltr'>est</span> 
     </span>
     <span class='ocr_line' id='line_1_27' title="bbox 542 1610 613 1648; baseline 0.028 -2"><span class='ocrx_word' id='word_1_81' title='bbox 542 1610 613 1648; x_wconf 75' lang='lat' dir='ltr'>dns</span> 
     </span>
    </p>
   </div>
   <div class='ocr_carea' id='block_1_4' title="bbox 117 1791 610 3076">
    <p class='ocr_par' dir='ltr' id='par_1_10' title="bbox 119 1791 576 1895">
     <span class='ocr_line' id='line_1_28' title="bbox 119 1791 576 1842; baseline 0.009 -14"><span class='ocrx_word' id='word_1_82' title='bbox 119 1791 268 1829; x_wconf 68' lang='lat' dir='ltr'>¹⁸Uenit</span> <span class='ocrx_word' id='word_1_83' title='bbox 287 1805 377 1842; x_wconf 90' lang='lat' dir='ltr'>ergo</span> <span class='ocrx_word' id='word_1_84' title='bbox 398 1793 455 1831; x_wconf 77' lang='lat' dir='ltr'>ihs</span> <span class='ocrx_word' id='word_1_85' title='bbox 476 1800 512 1831; x_wconf 92' lang='lat' dir='ltr'>et</span> <span class='ocrx_word' id='word_1_86' title='bbox 531 1806 576 1833; x_wconf 86' lang='lat' dir='ltr'>ac</span> 
     </span>
     <span class='ocr_line' id='line_1_29' title="bbox 119 1847 517 1895; baseline 0.008 -13"><span class='ocrx_word' id='word_1_87' title='bbox 119 1847 218 1895; x_wconf 80' lang='lat' dir='ltr'>cepit</span> <span class='ocrx_word' id='word_1_88' title='bbox 238 1859 377 1895; x_wconf 87' lang='lat' dir='ltr'>panem</span> <span class='ocrx_word' id='word_1_89' title='bbox 397 1854 433 1885; x_wconf 92' lang='lat' dir='ltr'>et</span> <span class='ocrx_word' id='word_1_90' title='bbox 453 1848 517 1885; x_wconf 88' lang='lat' dir='ltr'>dat</span> 
     </span>
    </p>

    <p class='ocr_par' dir='ltr' id='par_1_11' title="bbox 118 1901 522 1949">
     <span class='ocr_line' id='line_1_30' title="bbox 118 1901 522 1949; baseline 0.005 -13"><span class='ocrx_word' id='word_1_91' title='bbox 118 1901 172 1936; x_wconf 86' lang='lat' dir='ltr'>eis</span> <span class='ocrx_word' id='word_1_92' title='bbox 193 1908 229 1937; x_wconf 92' lang='lat' dir='ltr'>et</span> <span class='ocrx_word' id='word_1_93' title='bbox 248 1901 391 1949; x_wconf 84' lang='lat' dir='ltr'>piscem</span> <span class='ocrx_word' id='word_1_94' title='bbox 413 1902 522 1938; x_wconf 83' lang='lat' dir='ltr'>simili</span> 
     </span>
    </p>

    <p class='ocr_par' dir='ltr' id='par_1_12' title="bbox 119 1953 530 2154">
     <span class='ocr_line' id='line_1_31' title="bbox 120 1953 524 1993; baseline 0.007 -4"><span class='ocrx_word' id='word_1_95' title='bbox 120 1961 175 1990; x_wconf 83' lang='lat' dir='ltr'>ter</span> <span class='ocrx_word' id='word_1_96' title='bbox 195 1953 302 1991; x_wconf 64' lang='lat' dir='ltr'>1*hoc</span> <span class='ocrx_word' id='word_1_97' title='bbox 322 1955 396 1991; x_wconf 91' lang='lat' dir='ltr'>iarn</span> <span class='ocrx_word' id='word_1_98' title='bbox 415 1956 524 1993; x_wconf 86' lang='lat' dir='ltr'>tertio</span> 
     </span>
     <span class='ocr_line' id='line_1_32' title="bbox 120 2007 530 2046; baseline 0.007 -3"><span class='ocrx_word' id='word_1_99' title='bbox 120 2007 380 2045; x_wconf 87' lang='lat' dir='ltr'>manifestatus</span> <span class='ocrx_word' id='word_1_100' title='bbox 399 2016 454 2046; x_wconf 92' lang='lat' dir='ltr'>est</span> <span class='ocrx_word' id='word_1_101' title='bbox 473 2009 530 2046; x_wconf 77' lang='lat' dir='ltr'>ihs</span> 
     </span>
     <span class='ocr_line' id='line_1_33' title="bbox 121 2061 479 2109; baseline 0.006 -12"><span class='ocrx_word' id='word_1_102' title='bbox 121 2061 311 2109; x_wconf 82' lang='lat' dir='ltr'>discipulis</span> <span class='ocrx_word' id='word_1_103' title='bbox 332 2074 419 2098; x_wconf 91' lang='lat' dir='ltr'>curn</span> <span class='ocrx_word' id='word_1_104' title='bbox 439 2075 479 2099; x_wconf 90' lang='lat' dir='ltr'>re</span> 
     </span>
     <span class='ocr_line' id='line_1_34' title="bbox 119 2115 487 2154; baseline 0.005 -4"><span class='ocrx_word' id='word_1_105' title='bbox 119 2115 340 2152; x_wconf 85' lang='lat' dir='ltr'>surrexisset</span> <span class='ocrx_word' id='word_1_106' title='bbox 361 2128 383 2152; x_wconf 90' lang='lat' dir='ltr'>a</span> <span class='ocrx_word' id='word_1_107' title='bbox 402 2128 487 2154; x_wconf 89' lang='lat' dir='ltr'>mor</span> 
     </span>
    </p>

    <p class='ocr_par' dir='ltr' id='par_1_13' title="bbox 117 2167 192 2205">
     <span class='ocr_line' id='line_1_35' title="bbox 117 2167 192 2205; baseline 0.013 -1"><span class='ocrx_word' id='word_1_108' title='bbox 117 2167 192 2205; x_wconf 91' lang='lat' dir='ltr'>tuis</span> 
     </span>
    </p>

    <p class='ocr_par' dir='ltr' id='par_1_14' title="bbox 118 2220 610 2431">
     <span class='ocr_line' id='line_1_36' title="bbox 118 2220 579 2272; baseline 0.009 -15"><span class='ocrx_word' id='word_1_109' title='bbox 118 2220 254 2258; x_wconf 82' lang='lat' dir='ltr'>1⁵Cum</span> <span class='ocrx_word' id='word_1_110' title='bbox 274 2234 366 2271; x_wconf 89' lang='lat' dir='ltr'>ergo</span> <span class='ocrx_word' id='word_1_111' title='bbox 385 2223 579 2272; x_wconf 89' lang='lat' dir='ltr'>prandidis</span> 
     </span>
     <span class='ocr_line' id='line_1_37' title="bbox 119 2276 610 2326; baseline 0.006 -14"><span class='ocrx_word' id='word_1_112' title='bbox 119 2282 175 2312; x_wconf 90' lang='lat' dir='ltr'>set</span> <span class='ocrx_word' id='word_1_113' title='bbox 194 2276 245 2312; x_wconf 89' lang='lat' dir='ltr'>ait</span> <span class='ocrx_word' id='word_1_114' title='bbox 264 2276 321 2313; x_wconf 78' lang='lat' dir='ltr'>ihs</span> <span class='ocrx_word' id='word_1_115' title='bbox 342 2277 482 2314; x_wconf 90' lang='lat' dir='ltr'>simoni</span> <span class='ocrx_word' id='word_1_116' title='bbox 503 2285 610 2326; x_wconf 88' lang='lat' dir='ltr'>petro</span> 
     </span>
     <span class='ocr_line' id='line_1_38' title="bbox 120 2330 527 2368; baseline 0.007 -3"><span class='ocrx_word' id='word_1_117' title='bbox 120 2330 245 2366; x_wconf 89' lang='lat' dir='ltr'>simon</span> <span class='ocrx_word' id='word_1_118' title='bbox 265 2330 442 2368; x_wconf 85' lang='lat' dir='ltr'>iohannis</span> <span class='ocrx_word' id='word_1_119' title='bbox 462 2331 527 2368; x_wconf 91' lang='lat' dir='ltr'>dili</span> 
     </span>
     <span class='ocr_line' id='line_1_39' title="bbox 118 2383 257 2431; baseline 0.022 -13"><span class='ocrx_word' id='word_1_120' title='bbox 118 2383 176 2431; x_wconf 88' lang='lat' dir='ltr'>gis</span> <span class='ocrx_word' id='word_1_121' title='bbox 195 2395 257 2421; x_wconf 87' lang='lat' dir='ltr'>me</span> 
     </span>
    </p>

    <p class='ocr_par' dir='ltr' id='par_1_15' title="bbox 120 2436 563 2540">
     <span class='ocr_line' id='line_1_40' title="bbox 120 2436 563 2475; baseline 0.007 -3"><span class='ocrx_word' id='word_1_122' title='bbox 120 2436 222 2474; x_wconf 91' lang='lat' dir='ltr'>Dicit</span> <span class='ocrx_word' id='word_1_123' title='bbox 241 2437 274 2474; x_wconf 88' lang='lat' dir='ltr'>ei</span> <span class='ocrx_word' id='word_1_124' title='bbox 294 2437 408 2474; x_wconf 88' lang='lat' dir='ltr'>etiam</span> <span class='ocrx_word' id='word_1_125' title='bbox 428 2437 502 2475; x_wconf 74' lang='lat' dir='ltr'>dr’ie</span> <span class='ocrx_word' id='word_1_126' title='bbox 523 2444 563 2475; x_wconf 91' lang='lat' dir='ltr'>tu</span> 
     </span>
     <span class='ocr_line' id='line_1_41' title="bbox 120 2490 465 2540; baseline 0.009 -14"><span class='ocrx_word' id='word_1_127' title='bbox 120 2490 192 2526; x_wconf 89' lang='lat' dir='ltr'>scis</span> <span class='ocrx_word' id='word_1_128' title='bbox 213 2491 301 2540; x_wconf 90' lang='lat' dir='ltr'>quia</span> <span class='ocrx_word' id='word_1_129' title='bbox 320 2503 408 2528; x_wconf 82' lang='lat' dir='ltr'>arno</span> <span class='ocrx_word' id='word_1_130' title='bbox 429 2499 465 2529; x_wconf 91' lang='lat' dir='ltr'>te</span> 
     </span>
    </p>

    <p class='ocr_par' dir='ltr' id='par_1_16' title="bbox 119 2541 565 2634">
     <span class='ocr_line' id='line_1_42' title="bbox 119 2541 565 2594; baseline 0.009 -15"><span class='ocrx_word' id='word_1_131' title='bbox 119 2541 220 2580; x_wconf 89' lang='lat' dir='ltr'>Dicit</span> <span class='ocrx_word' id='word_1_132' title='bbox 240 2545 288 2581; x_wconf 93' lang='lat' dir='ltr'>illi</span> <span class='ocrx_word' id='word_1_133' title='bbox 308 2556 422 2594; x_wconf 89' lang='lat' dir='ltr'>pasce</span> <span class='ocrx_word' id='word_1_134' title='bbox 443 2558 565 2594; x_wconf 84' lang='lat' dir='ltr'>agnos</span> 
     </span>
     <span class='ocr_line' id='line_1_43' title="bbox 119 2607 226 2634; baseline 0.019 -2"><span class='ocrx_word' id='word_1_135' title='bbox 119 2607 226 2634; x_wconf 91' lang='lat' dir='ltr'>meos</span> 
     </span>
    </p>

    <p class='ocr_par' dir='ltr' id='par_1_17' title="bbox 119 2649 582 2859">
     <span class='ocr_line' id='line_1_44' title="bbox 121 2649 582 2691; baseline 0.015 -7"><span class='ocrx_word' id='word_1_136' title='bbox 121 2649 216 2686; x_wconf 74' lang='lat' dir='ltr'>¹⁶Ait</span> <span class='ocrx_word' id='word_1_137' title='bbox 234 2650 283 2686; x_wconf 90' lang='lat' dir='ltr'>illi</span> <span class='ocrx_word' id='word_1_138' title='bbox 302 2651 437 2688; x_wconf 90' lang='lat' dir='ltr'>iterum</span> <span class='ocrx_word' id='word_1_139' title='bbox 458 2654 582 2691; x_wconf 84' lang='lat' dir='ltr'>simon</span> 
     </span>
     <span class='ocr_line' id='line_1_45' title="bbox 119 2703 524 2754; baseline 0.01 -15"><span class='ocrx_word' id='word_1_140' title='bbox 119 2703 303 2741; x_wconf 88' lang='lat' dir='ltr'>iohannes</span> <span class='ocrx_word' id='word_1_141' title='bbox 324 2706 443 2754; x_wconf 86' lang='lat' dir='ltr'>diligis</span> <span class='ocrx_word' id='word_1_142' title='bbox 463 2719 524 2743; x_wconf 86' lang='lat' dir='ltr'>rne</span> 
     </span>
     <span class='ocr_line' id='line_1_46' title="bbox 121 2755 574 2797; baseline 0.011 -5"><span class='ocrx_word' id='word_1_143' title='bbox 121 2755 224 2793; x_wconf 89' lang='lat' dir='ltr'>Dicit</span> <span class='ocrx_word' id='word_1_144' title='bbox 243 2757 275 2794; x_wconf 91' lang='lat' dir='ltr'>ei</span> <span class='ocrx_word' id='word_1_145' title='bbox 295 2758 407 2794; x_wconf 86' lang='lat' dir='ltr'>etiam</span> <span class='ocrx_word' id='word_1_146' title='bbox 427 2759 512 2797; x_wconf 62' lang='lat' dir='ltr'>diffie</span> <span class='ocrx_word' id='word_1_147' title='bbox 534 2768 574 2797; x_wconf 89' lang='lat' dir='ltr'>tu</span> 
     </span>
     <span class='ocr_line' id='line_1_47' title="bbox 121 2811 491 2859; baseline 0.005 -12"><span class='ocrx_word' id='word_1_148' title='bbox 121 2811 194 2847; x_wconf 90' lang='lat' dir='ltr'>scis</span> <span class='ocrx_word' id='word_1_149' title='bbox 213 2812 302 2859; x_wconf 90' lang='lat' dir='ltr'>quia</span> <span class='ocrx_word' id='word_1_150' title='bbox 321 2811 436 2859; x_wconf 84' lang='lat' dir='ltr'>diligo</span> <span class='ocrx_word' id='word_1_151' title='bbox 456 2820 491 2849; x_wconf 89' lang='lat' dir='ltr'>te</span> 
     </span>
    </p>

    <p class='ocr_par' dir='ltr' id='par_1_18' title="bbox 119 2863 609 3076">
     <span class='ocr_line' id='line_1_48' title="bbox 119 2863 609 2913; baseline 0.004 -12"><span class='ocrx_word' id='word_1_152' title='bbox 119 2863 185 2901; x_wconf 89' lang='lat' dir='ltr'>Ait</span> <span class='ocrx_word' id='word_1_153' title='bbox 204 2863 252 2900; x_wconf 75' lang='lat' dir='ltr'>iili</span> <span class='ocrx_word' id='word_1_154' title='bbox 267 2876 380 2913; x_wconf 86' lang='lat' dir='ltr'>pasce</span> <span class='ocrx_word' id='word_1_155' title='bbox 396 2877 490 2903; x_wconf 91' lang='lat' dir='ltr'>oues</span> <span class='ocrx_word' id='word_1_156' title='bbox 505 2878 609 2904; x_wconf 89' lang='lat' dir='ltr'>meas</span> 
     </span>
     <span class='ocr_line' id='line_1_49' title="bbox 121 2917 596 2966; baseline 0.006 -13"><span class='ocrx_word' id='word_1_157' title='bbox 121 2917 254 2955; x_wconf 77' lang='lat' dir='ltr'>1⁷Dicit</span> <span class='ocrx_word' id='word_1_158' title='bbox 274 2918 308 2954; x_wconf 90' lang='lat' dir='ltr'>ei</span> <span class='ocrx_word' id='word_1_159' title='bbox 327 2918 450 2966; x_wconf 79' lang='lat' dir='ltr'>tertito</span> <span class='ocrx_word' id='word_1_160' title='bbox 471 2920 596 2957; x_wconf 88' lang='lat' dir='ltr'>simon</span> 
     </span>
     <span class='ocr_line' id='line_1_50' title="bbox 119 2970 510 3010; baseline 0.005 -3"><span class='ocrx_word' id='word_1_161' title='bbox 119 2970 304 3008; x_wconf 89' lang='lat' dir='ltr'>iohannes</span> <span class='ocrx_word' id='word_1_162' title='bbox 324 2984 429 3009; x_wconf 89' lang='lat' dir='ltr'>amas</span> <span class='ocrx_word' id='word_1_163' title='bbox 448 2984 510 3010; x_wconf 91' lang='lat' dir='ltr'>me</span> 
     </span>
     <span class='ocr_line' id='line_1_51' title="bbox 120 3024 597 3076; baseline 0.004 -14"><span class='ocrx_word' id='word_1_164' title='bbox 120 3024 375 3063; x_wconf 85' lang='lat' dir='ltr'>Contristatus</span> <span class='ocrx_word' id='word_1_165' title='bbox 394 3035 449 3064; x_wconf 88' lang='lat' dir='ltr'>est</span> <span class='ocrx_word' id='word_1_166' title='bbox 468 3033 597 3076; x_wconf 91' lang='lat' dir='ltr'>petrus</span> 
     </span>
    </p>
   </div>
   <div class='ocr_carea' id='block_1_5' title="bbox 361 194 904 234">
    <p class='ocr_par' dir='ltr' id='par_1_19' title="bbox 361 194 904 234">
     <span class='ocr_line' id='line_1_52' title="bbox 361 194 904 234; baseline 0.004 -2"><span class='ocrx_word' id='word_1_167' title='bbox 361 194 406 232; x_wconf 91' lang='lat' dir='ltr'><em>E</em></span> <span class='ocrx_word' id='word_1_168' title='bbox 408 194 476 233; x_wconf 76' lang='lat' dir='ltr'>UA</span> <span class='ocrx_word' id='word_1_169' title='bbox 483 194 679 234; x_wconf 82' lang='lat' dir='ltr'><strong><em>NGELI</em></strong></span> <span class='ocrx_word' id='word_1_170' title='bbox 679 194 771 233; x_wconf 78' lang='lat' dir='ltr'>UM</span> <span class='ocrx_word' id='word_1_171' title='bbox 793 194 867 233; x_wconf 89' lang='lat' dir='ltr'>SE</span> <span class='ocrx_word' id='word_1_172' title='bbox 869 195 904 234; x_wconf 87' lang='lat' dir='ltr'><em>C</em></span> 
     </span>
    </p>
   </div>
   <div class='ocr_carea' id='block_1_6' title="bbox 649 324 1101 1175">
    <p class='ocr_par' dir='ltr' id='par_1_20' title="bbox 655 324 1049 416">
     <span class='ocr_line' id='line_1_53' title="bbox 657 324 1049 372; baseline 0 -9"><span class='ocrx_word' id='word_1_173' title='bbox 657 325 759 372; x_wconf 86' lang='lat' dir='ltr'>Quia</span> <span class='ocrx_word' id='word_1_174' title='bbox 778 324 869 362; x_wconf 82' lang='lat' dir='ltr'>dixit</span> <span class='ocrx_word' id='word_1_175' title='bbox 888 325 922 363; x_wconf 92' lang='lat' dir='ltr'>ei</span> <span class='ocrx_word' id='word_1_176' title='bbox 941 325 1049 364; x_wconf 90' lang='lat' dir='ltr'>tertio</span> 
     </span>
     <span class='ocr_line' id='line_1_54' title="bbox 655 391 843 416; baseline 0 -1"><span class='ocrx_word' id='word_1_177' title='bbox 655 391 761 416; x_wconf 81' lang='lat' dir='ltr'>amas</span> <span class='ocrx_word' id='word_1_178' title='bbox 781 391 843 415; x_wconf 89' lang='lat' dir='ltr'>me</span> 
     </span>
    </p>

    <p class='ocr_par' dir='ltr' id='par_1_21' title="bbox 653 432 1096 630">
     <span class='ocr_line' id='line_1_55' title="bbox 655 432 1080 469; baseline -0.002 0"><span class='ocrx_word' id='word_1_179' title='bbox 655 433 705 469; x_wconf 87' lang='lat' dir='ltr'>Et</span> <span class='ocrx_word' id='word_1_180' title='bbox 725 434 775 469; x_wconf 89' lang='lat' dir='ltr'>ait</span> <span class='ocrx_word' id='word_1_181' title='bbox 795 433 868 469; x_wconf 72' lang='lat' dir='ltr'>dne</span> <span class='ocrx_word' id='word_1_182' title='bbox 889 432 1020 469; x_wconf 88' lang='lat' dir='ltr'>omnia</span> <span class='ocrx_word' id='word_1_183' title='bbox 1039 440 1080 469; x_wconf 91' lang='lat' dir='ltr'>tu</span> 
     </span>
     <span class='ocr_line' id='line_1_56' title="bbox 655 486 1016 535; baseline 0 -13"><span class='ocrx_word' id='word_1_184' title='bbox 655 487 730 523; x_wconf 88' lang='lat' dir='ltr'>scis</span> <span class='ocrx_word' id='word_1_185' title='bbox 749 493 789 522; x_wconf 90' lang='lat' dir='ltr'>tu</span> <span class='ocrx_word' id='word_1_186' title='bbox 809 486 908 522; x_wconf 90' lang='lat' dir='ltr'>nosti</span> <span class='ocrx_word' id='word_1_187' title='bbox 928 486 1016 535; x_wconf 87' lang='lat' dir='ltr'>quia</span> 
     </span>
     <span class='ocr_line' id='line_1_57' title="bbox 654 539 1096 588; baseline 0 -12"><span class='ocrx_word' id='word_1_188' title='bbox 654 551 742 576; x_wconf 88' lang='lat' dir='ltr'>amo</span> <span class='ocrx_word' id='word_1_189' title='bbox 762 546 797 576; x_wconf 88' lang='lat' dir='ltr'>te</span> <span class='ocrx_word' id='word_1_190' title='bbox 818 539 906 576; x_wconf 90' lang='lat' dir='ltr'>dicit</span> <span class='ocrx_word' id='word_1_191' title='bbox 925 541 960 576; x_wconf 94' lang='lat' dir='ltr'>ei</span> <span class='ocrx_word' id='word_1_192' title='bbox 981 551 1096 588; x_wconf 87' lang='lat' dir='ltr'>pasce</span> 
     </span>
     <span class='ocr_line' id='line_1_58' title="bbox 653 605 872 630; baseline 0 0"><span class='ocrx_word' id='word_1_193' title='bbox 653 605 746 630; x_wconf 88' lang='lat' dir='ltr'>oues</span> <span class='ocrx_word' id='word_1_194' title='bbox 766 605 872 630; x_wconf 90' lang='lat' dir='ltr'>meas</span> 
     </span>
    </p>

    <p class='ocr_par' dir='ltr' id='par_1_22' title="bbox 653 646 1101 803">
     <span class='ocr_line' id='line_1_59' title="bbox 654 646 1101 683; baseline -0.002 0"><span class='ocrx_word' id='word_1_195' title='bbox 654 646 815 683; x_wconf 66' lang='lat' dir='ltr'><strong>mAmen</strong></span> <span class='ocrx_word' id='word_1_196' title='bbox 835 658 947 683; x_wconf 90' lang='lat' dir='ltr'>amen</span> <span class='ocrx_word' id='word_1_197' title='bbox 967 646 1054 683; x_wconf 92' lang='lat' dir='ltr'>dico</span> <span class='ocrx_word' id='word_1_198' title='bbox 1075 646 1101 682; x_wconf 91' lang='lat' dir='ltr'>ti</span> 
     </span>
     <span class='ocr_line' id='line_1_60' title="bbox 653 701 1028 737; baseline 0 -1"><span class='ocrx_word' id='word_1_199' title='bbox 653 701 691 736; x_wconf 93' lang='lat' dir='ltr'>bi</span> <span class='ocrx_word' id='word_1_200' title='bbox 711 712 798 737; x_wconf 89' lang='lat' dir='ltr'>cum</span> <span class='ocrx_word' id='word_1_201' title='bbox 818 712 920 737; x_wconf 91' lang='lat' dir='ltr'>esses</span> <span class='ocrx_word' id='word_1_202' title='bbox 940 701 1028 736; x_wconf 90' lang='lat' dir='ltr'>iuue</span> 
     </span>
     <span class='ocr_line' id='line_1_61' title="bbox 654 754 1006 803; baseline 0.003 -13"><span class='ocrx_word' id='word_1_203' title='bbox 654 754 737 791; x_wconf 93' lang='lat' dir='ltr'>nior</span> <span class='ocrx_word' id='word_1_204' title='bbox 755 754 1006 803; x_wconf 87' lang='lat' dir='ltr'>precingebas</span> 
     </span>
    </p>

    <p class='ocr_par' dir='ltr' id='par_1_23' title="bbox 649 808 1095 1175">
     <span class='ocr_line' id='line_1_62' title="bbox 653 808 1088 855; baseline 0 -12"><span class='ocrx_word' id='word_1_205' title='bbox 653 815 689 843; x_wconf 89' lang='lat' dir='ltr'>te</span> <span class='ocrx_word' id='word_1_206' title='bbox 710 815 746 843; x_wconf 92' lang='lat' dir='ltr'>et</span> <span class='ocrx_word' id='word_1_207' title='bbox 766 808 990 844; x_wconf 81' lang='lat' dir='ltr'>ambulabas</span> <span class='ocrx_word' id='word_1_208' title='bbox 1011 817 1088 855; x_wconf 88' lang='lat' dir='ltr'>quo</span> 
     </span>
     <span class='ocr_line' id='line_1_63' title="bbox 651 861 1068 897; baseline 0 -1"><span class='ocrx_word' id='word_1_209' title='bbox 651 861 808 897; x_wconf 90' lang='lat' dir='ltr'>uolebas</span> <span class='ocrx_word' id='word_1_210' title='bbox 847 872 933 897; x_wconf 90' lang='lat' dir='ltr'>cum</span> <span class='ocrx_word' id='word_1_211' title='bbox 954 866 1068 896; x_wconf 68' lang='lat' dir='ltr'>aute-</span> 
     </span>
     <span class='ocr_line' id='line_1_64' title="bbox 653 913 1012 950; baseline -0.003 0"><span class='ocrx_word' id='word_1_212' title='bbox 653 914 819 950; x_wconf 89' lang='lat' dir='ltr'>senueris</span> <span class='ocrx_word' id='word_1_213' title='bbox 839 913 1012 950; x_wconf 79' lang='lat' dir='ltr'>extendis</span> 
     </span>
     <span class='ocr_line' id='line_1_65' title="bbox 651 966 1082 1003; baseline 0 -1"><span class='ocrx_word' id='word_1_214' title='bbox 651 978 786 1003; x_wconf 85' lang='lat' dir='ltr'>manus</span> <span class='ocrx_word' id='word_1_215' title='bbox 806 978 911 1003; x_wconf 90' lang='lat' dir='ltr'>meas</span> <span class='ocrx_word' id='word_1_216' title='bbox 931 974 967 1002; x_wconf 94' lang='lat' dir='ltr'>et</span> <span class='ocrx_word' id='word_1_217' title='bbox 987 966 1082 1003; x_wconf 92' lang='lat' dir='ltr'>alius</span> 
     </span>
     <span class='ocr_line' id='line_1_66' title="bbox 649 1019 1081 1068; baseline 0.002 -13"><span class='ocrx_word' id='word_1_218' title='bbox 649 1026 686 1056; x_wconf 90' lang='lat' dir='ltr'>te</span> <span class='ocrx_word' id='word_1_219' title='bbox 706 1020 893 1068; x_wconf 88' lang='lat' dir='ltr'>precingit</span> <span class='ocrx_word' id='word_1_220' title='bbox 912 1026 949 1056; x_wconf 87' lang='lat' dir='ltr'>et</span> <span class='ocrx_word' id='word_1_221' title='bbox 969 1019 1081 1056; x_wconf 88' lang='lat' dir='ltr'>ducet</span> 
     </span>
     <span class='ocr_line' id='line_1_67' title="bbox 649 1073 1021 1122; baseline 0 -13"><span class='ocrx_word' id='word_1_222' title='bbox 649 1080 686 1109; x_wconf 91' lang='lat' dir='ltr'>te</span> <span class='ocrx_word' id='word_1_223' title='bbox 707 1085 783 1122; x_wconf 88' lang='lat' dir='ltr'>quo</span> <span class='ocrx_word' id='word_1_224' title='bbox 805 1080 844 1109; x_wconf 91' lang='lat' dir='ltr'>tu</span> <span class='ocrx_word' id='word_1_225' title='bbox 864 1085 942 1110; x_wconf 89' lang='lat' dir='ltr'>non</span> <span class='ocrx_word' id='word_1_226' title='bbox 963 1073 1021 1109; x_wconf 91' lang='lat' dir='ltr'>bis</span> 
     </span>
     <span class='ocr_line' id='line_1_68' title="bbox 649 1126 1095 1175; baseline -0.002 -12"><span class='ocrx_word' id='word_1_227' title='bbox 649 1126 756 1164; x_wconf 73' lang='lat' dir='ltr'>19hoc</span> <span class='ocrx_word' id='word_1_228' title='bbox 777 1133 904 1164; x_wconf 88' lang='lat' dir='ltr'>autem</span> <span class='ocrx_word' id='word_1_229' title='bbox 925 1127 1016 1164; x_wconf 80' lang='lat' dir='ltr'>dixit</span> <span class='ocrx_word' id='word_1_230' title='bbox 1037 1126 1095 1175; x_wconf 87' lang='lat' dir='ltr'>sig</span> 
     </span>
    </p>
   </div>
   <div class='ocr_carea' id='block_1_7' title="bbox 649 1193 1030 1272">
    <p class='ocr_par' dir='ltr' id='par_1_24' title="bbox 649 1193 1030 1272">
     <span class='ocr_line' id='line_1_69' title="bbox 752 1193 773 1213; baseline 0 0"><span class='ocrx_word' id='word_1_231' title='bbox 752 1193 773 1213; x_wconf 87' lang='lat' dir='ltr'>n</span> 
     </span>
     <span class='ocr_line' id='line_1_70' title="bbox 649 1223 1030 1272; baseline 0.005 -13"><span class='ocrx_word' id='word_1_232' title='bbox 649 1223 782 1260; x_wconf 89' lang='lat' dir='ltr'>nificas</span> <span class='ocrx_word' id='word_1_233' title='bbox 802 1224 890 1272; x_wconf 90' lang='lat' dir='ltr'>quia</span> <span class='ocrx_word' id='word_1_234' title='bbox 909 1230 1030 1261; x_wconf 86' lang='lat' dir='ltr'>morte</span> 
     </span>
    </p>
   </div>
   <div class='ocr_carea' id='block_1_8' title="bbox 646 1277 1108 1648">
    <p class='ocr_par' dir='ltr' id='par_1_25' title="bbox 648 1277 976 1314">
     <span class='ocr_line' id='line_1_71' title="bbox 648 1277 976 1314; baseline 0.003 -1"><span class='ocrx_word' id='word_1_235' title='bbox 648 1277 916 1314; x_wconf 85' lang='lat' dir='ltr'>clarificaturus</span> <span class='ocrx_word' id='word_1_236' title='bbox 936 1289 976 1314; x_wconf 88' lang='lat' dir='ltr'>es</span> 
     </span>
    </p>

    <p class='ocr_par' dir='ltr' id='par_1_26' title="bbox 646 1330 1100 1474">
     <span class='ocr_line' id='line_1_72' title="bbox 648 1330 1070 1368; baseline 0 0"><span class='ocrx_word' id='word_1_237' title='bbox 648 1338 703 1368; x_wconf 88' lang='lat' dir='ltr'>set</span> <span class='ocrx_word' id='word_1_238' title='bbox 723 1330 790 1366; x_wconf 78' lang='lat' dir='ltr'>dm</span> <span class='ocrx_word' id='word_1_239' title='bbox 832 1339 868 1368; x_wconf 90' lang='lat' dir='ltr'>et</span> <span class='ocrx_word' id='word_1_240' title='bbox 888 1331 960 1368; x_wconf 89' lang='lat' dir='ltr'>hoc</span> <span class='ocrx_word' id='word_1_241' title='bbox 981 1343 1070 1368; x_wconf 91' lang='lat' dir='ltr'>cum</span> 
     </span>
     <span class='ocr_line' id='line_1_73' title="bbox 649 1385 1100 1434; baseline 0 -13"><span class='ocrx_word' id='word_1_242' title='bbox 649 1385 805 1422; x_wconf 83' lang='lat' dir='ltr'>dixisset</span> <span class='ocrx_word' id='word_1_243' title='bbox 826 1386 876 1422; x_wconf 89' lang='lat' dir='ltr'>ait</span> <span class='ocrx_word' id='word_1_244' title='bbox 895 1385 964 1421; x_wconf 89' lang='lat' dir='ltr'>illis</span> <span class='ocrx_word' id='word_1_245' title='bbox 985 1397 1100 1434; x_wconf 87' lang='lat' dir='ltr'>seque</span> 
     </span>
     <span class='ocr_line' id='line_1_74' title="bbox 646 1450 767 1474; baseline 0.008 -1"><span class='ocrx_word' id='word_1_246' title='bbox 646 1450 685 1474; x_wconf 93' lang='lat' dir='ltr'>re</span> <span class='ocrx_word' id='word_1_247' title='bbox 706 1450 767 1474; x_wconf 90' lang='lat' dir='ltr'>me</span> 
     </span>
    </p>

    <p class='ocr_par' dir='ltr' id='par_1_27' title="bbox 646 1491 1108 1648">
     <span class='ocr_line' id='line_1_75' title="bbox 646 1491 1108 1541; baseline 0.004 -13"><span class='ocrx_word' id='word_1_248' title='bbox 646 1491 731 1528; x_wconf 74' lang='grc' dir='ltr'>20Εῑ</span> <span class='ocrx_word' id='word_1_249' title='bbox 751 1503 959 1529; x_wconf 87' lang='lat' dir='ltr'>conuersus</span> <span class='ocrx_word' id='word_1_250' title='bbox 980 1499 1108 1541; x_wconf 90' lang='lat' dir='ltr'>petrus</span> 
     </span>
     <span class='ocr_line' id='line_1_76' title="bbox 647 1545 1029 1595; baseline 0 -13"><span class='ocrx_word' id='word_1_251' title='bbox 647 1546 738 1582; x_wconf 88' lang='lat' dir='ltr'>uidit</span> <span class='ocrx_word' id='word_1_252' title='bbox 758 1545 862 1582; x_wconf 90' lang='lat' dir='ltr'>illum</span> <span class='ocrx_word' id='word_1_253' title='bbox 883 1546 1029 1595; x_wconf 88' lang='lat' dir='ltr'>discipu</span> 
     </span>
     <span class='ocr_line' id='line_1_77' title="bbox 646 1599 994 1648; baseline 0 -12"><span class='ocrx_word' id='word_1_254' title='bbox 646 1599 726 1636; x_wconf 90' lang='lat' dir='ltr'>lum</span> <span class='ocrx_word' id='word_1_255' title='bbox 746 1611 861 1648; x_wconf 92' lang='lat' dir='ltr'>quem</span> <span class='ocrx_word' id='word_1_256' title='bbox 881 1599 994 1648; x_wconf 87' lang='lat' dir='ltr'>dilige</span> 
     </span>
    </p>
   </div>
   <div class='ocr_carea' id='block_1_9' title="bbox 642 1793 1139 3130">
    <p class='ocr_par' dir='ltr' id='par_1_28' title="bbox 642 1793 1139 3130">
     <span class='ocr_line' id='line_1_78' title="bbox 646 1793 1121 1843; baseline 0 -13"><span class='ocrx_word' id='word_1_257' title='bbox 646 1793 717 1831; x_wconf 91' lang='lat' dir='ltr'>Bat</span> <span class='ocrx_word' id='word_1_258' title='bbox 738 1794 795 1832; x_wconf 81' lang='lat' dir='ltr'>ihs</span> <span class='ocrx_word' id='word_1_259' title='bbox 815 1801 851 1831; x_wconf 89' lang='lat' dir='ltr'>et</span> <span class='ocrx_word' id='word_1_260' title='bbox 872 1794 936 1843; x_wconf 88' lang='lat' dir='ltr'>qui</span> <span class='ocrx_word' id='word_1_261' title='bbox 956 1794 1121 1831; x_wconf 89' lang='lat' dir='ltr'>recubue</span> 
     </span>
     <span class='ocr_line' id='line_1_79' title="bbox 645 1848 1049 1896; baseline 0 -12"><span class='ocrx_word' id='word_1_262' title='bbox 645 1855 701 1884; x_wconf 89' lang='lat' dir='ltr'>rat</span> <span class='ocrx_word' id='word_1_263' title='bbox 721 1848 767 1884; x_wconf 60' lang='lat' dir='ltr'>in«</span> <span class='ocrx_word' id='word_1_264' title='bbox 779 1860 915 1885; x_wconf 85' lang='lat' dir='ltr'>cenam</span> <span class='ocrx_word' id='word_1_265' title='bbox 936 1859 1049 1896; x_wconf 87' lang='lat' dir='ltr'>super</span> 
     </span>
     <span class='ocr_line' id='line_1_80' title="bbox 647 1902 1042 1951; baseline 0 -13"><span class='ocrx_word' id='word_1_266' title='bbox 647 1911 780 1951; x_wconf 88' lang='lat' dir='ltr'>pectus</span> <span class='ocrx_word' id='word_1_267' title='bbox 800 1903 879 1939; x_wconf 92' lang='lat' dir='ltr'>eius</span> <span class='ocrx_word' id='word_1_268' title='bbox 900 1909 936 1938; x_wconf 91' lang='lat' dir='ltr'>et</span> <span class='ocrx_word' id='word_1_269' title='bbox 956 1902 1042 1938; x_wconf 85' lang='lat' dir='ltr'>dixe</span> 
     </span>
     <span class='ocr_line' id='line_1_81' title="bbox 646 1955 1095 2004; baseline 0 -12"><span class='ocrx_word' id='word_1_270' title='bbox 646 1963 700 1992; x_wconf 89' lang='lat' dir='ltr'>rat</span> <span class='ocrx_word' id='word_1_271' title='bbox 721 1956 755 1992; x_wconf 90' lang='lat' dir='ltr'>ei</span> <span class='ocrx_word' id='word_1_272' title='bbox 776 1977 783 1984; x_wconf 94' lang='lat'><em>-</em></span> <span class='ocrx_word' id='word_1_273' title='bbox 806 1956 879 1993; x_wconf 76' lang='lat' dir='ltr'>dne</span> <span class='ocrx_word' id='word_1_274' title='bbox 935 1955 1019 2004; x_wconf 84' lang='lat' dir='ltr'>quis</span> <span class='ocrx_word' id='word_1_275' title='bbox 1039 1962 1095 1993; x_wconf 91' lang='lat' dir='ltr'>est</span> 
     </span>
     <span class='ocr_line' id='line_1_82' title="bbox 645 2009 1086 2058; baseline 0.002 -13"><span class='ocrx_word' id='word_1_276' title='bbox 645 2009 710 2058; x_wconf 89' lang='lat' dir='ltr'>qui</span> <span class='ocrx_word' id='word_1_277' title='bbox 731 2009 851 2046; x_wconf 91' lang='lat' dir='ltr'>tradet</span> <span class='ocrx_word' id='word_1_278' title='bbox 871 2017 907 2046; x_wconf 89' lang='lat' dir='ltr'>te</span> <span class='ocrx_word' id='word_1_279' title='bbox 950 2009 1086 2047; x_wconf 82' lang='lat' dir='ltr'>²¹hunc</span> 
     </span>
     <span class='ocr_line' id='line_1_83' title="bbox 645 2063 1021 2111; baseline 0.003 -12"><span class='ocrx_word' id='word_1_280' title='bbox 645 2075 738 2111; x_wconf 88' lang='lat' dir='ltr'>ergo</span> <span class='ocrx_word' id='word_1_281' title='bbox 757 2075 844 2100; x_wconf 89' lang='lat' dir='ltr'>curn</span> <span class='ocrx_word' id='word_1_282' title='bbox 864 2063 1021 2100; x_wconf 87' lang='lat' dir='ltr'>uidisset</span> 
     </span>
     <span class='ocr_line' id='line_1_84' title="bbox 644 2117 1049 2166; baseline 0.002 -14"><span class='ocrx_word' id='word_1_283' title='bbox 644 2125 773 2166; x_wconf 89' lang='lat' dir='ltr'>petrus</span> <span class='ocrx_word' id='word_1_284' title='bbox 794 2117 882 2154; x_wconf 90' lang='lat' dir='ltr'>dicit</span> <span class='ocrx_word' id='word_1_285' title='bbox 902 2118 950 2154; x_wconf 92' lang='lat' dir='ltr'>ad</span> <span class='ocrx_word' id='word_1_286' title='bbox 970 2117 1049 2153; x_wconf 81' lang='lat' dir='ltr'>ihm</span> 
     </span>
     <span class='ocr_line' id='line_1_85' title="bbox 648 2170 1075 2220; baseline 0.002 -14"><span class='ocrx_word' id='word_1_287' title='bbox 648 2171 736 2207; x_wconf 72' lang='lat' dir='ltr'>dfiie</span> <span class='ocrx_word' id='word_1_288' title='bbox 756 2170 816 2208; x_wconf 89' lang='lat' dir='ltr'>hic</span> <span class='ocrx_word' id='word_1_289' title='bbox 836 2179 963 2207; x_wconf 89' lang='lat' dir='ltr'>autem</span> <span class='ocrx_word' id='word_1_290' title='bbox 983 2170 1075 2220; x_wconf 87' lang='lat' dir='ltr'>quid</span> 
     </span>
     <span class='ocr_line' id='line_1_86' title="bbox 645 2223 1139 2262; baseline 0.002 -2"><span class='ocrx_word' id='word_1_291' title='bbox 645 2223 781 2261; x_wconf 79' lang='lat' dir='ltr'>2²Dicit</span> <span class='ocrx_word' id='word_1_292' title='bbox 801 2225 834 2261; x_wconf 91' lang='lat' dir='ltr'>ei</span> <span class='ocrx_word' id='word_1_293' title='bbox 853 2225 912 2262; x_wconf 81' lang='lat' dir='ltr'>ihs</span> <span class='ocrx_word' id='word_1_294' title='bbox 933 2225 963 2262; x_wconf 94' lang='lat' dir='ltr'>si</span> <span class='ocrx_word' id='word_1_295' title='bbox 980 2226 1034 2262; x_wconf 93' lang='lat' dir='ltr'>sic</span> <span class='ocrx_word' id='word_1_296' title='bbox 1049 2224 1139 2262; x_wconf 90' lang='lat' dir='ltr'>uolo</span> 
     </span>
     <span class='ocr_line' id='line_1_87' title="bbox 1040 2275 1134 2330; baseline 0.011 -15"><span class='ocrx_word' id='word_1_297' title='bbox 1040 2275 1134 2330; x_wconf 67' lang='lat' dir='ltr'>[eu‘</span> 
     </span>
     <span class='ocr_line' id='line_1_88' title="bbox 644 2331 1011 2369; baseline 0.003 -1"><span class='ocrx_word' id='word_1_298' title='bbox 644 2343 800 2368; x_wconf 88' lang='lat' dir='ltr'>manere</span> <span class='ocrx_word' id='word_1_299' title='bbox 821 2331 944 2369; x_wconf 90' lang='lat' dir='ltr'>donec</span> <span class='ocrx_word' id='word_1_300' title='bbox 963 2344 1011 2369; x_wconf 89' lang='lat' dir='ltr'>ue</span> 
     </span>
     <span class='ocr_line' id='line_1_89' title="bbox 645 2385 1086 2434; baseline 0 -12"><span class='ocrx_word' id='word_1_301' title='bbox 645 2386 710 2423; x_wconf 92' lang='lat' dir='ltr'>nio</span> <span class='ocrx_word' id='word_1_302' title='bbox 730 2385 821 2434; x_wconf 91' lang='lat' dir='ltr'>quid</span> <span class='ocrx_word' id='word_1_303' title='bbox 841 2386 889 2423; x_wconf 93' lang='lat' dir='ltr'>ad</span> <span class='ocrx_word' id='word_1_304' title='bbox 908 2394 943 2422; x_wconf 90' lang='lat' dir='ltr'>te</span> <span class='ocrx_word' id='word_1_305' title='bbox 964 2394 1005 2422; x_wconf 90' lang='lat' dir='ltr'>tu</span> <span class='ocrx_word' id='word_1_306' title='bbox 1024 2398 1086 2423; x_wconf 90' lang='lat' dir='ltr'>me</span> 
     </span>
     <span class='ocr_line' id='line_1_90' title="bbox 644 2450 802 2487; baseline 0 -12"><span class='ocrx_word' id='word_1_307' title='bbox 644 2450 802 2487; x_wconf 85' lang='lat' dir='ltr'>sequere</span> 
     </span>
     <span class='ocr_line' id='line_1_91' title="bbox 644 2492 1120 2542; baseline 0.004 -14"><span class='ocrx_word' id='word_1_308' title='bbox 644 2492 781 2529; x_wconf 80' lang='lat' dir='ltr'>²³Exiit</span> <span class='ocrx_word' id='word_1_309' title='bbox 801 2505 892 2542; x_wconf 91' lang='lat' dir='ltr'>ergo</span> <span class='ocrx_word' id='word_1_310' title='bbox 912 2492 972 2530; x_wconf 90' lang='lat' dir='ltr'>hic</span> <span class='ocrx_word' id='word_1_311' title='bbox 993 2505 1120 2531; x_wconf 87' lang='lat' dir='ltr'>sermo</span> 
     </span>
     <span class='ocr_line' id='line_1_92' title="bbox 644 2546 1077 2596; baseline 0.002 -14"><span class='ocrx_word' id='word_1_312' title='bbox 644 2555 736 2595; x_wconf 88' lang='lat' dir='ltr'>aput</span> <span class='ocrx_word' id='word_1_313' title='bbox 757 2546 889 2584; x_wconf 88' lang='lat' dir='ltr'>fratres</span> <span class='ocrx_word' id='word_1_314' title='bbox 909 2548 999 2596; x_wconf 87' lang='lat' dir='ltr'>quia</span> <span class='ocrx_word' id='word_1_315' title='bbox 1019 2546 1077 2584; x_wconf 91' lang='lat' dir='ltr'>dis</span> 
     </span>
     <span class='ocr_line' id='line_1_93' title="bbox 643 2600 1053 2649; baseline 0 -12"><span class='ocrx_word' id='word_1_316' title='bbox 643 2600 790 2649; x_wconf 89' lang='lat' dir='ltr'>cipulus</span> <span class='ocrx_word' id='word_1_317' title='bbox 810 2601 870 2637; x_wconf 91' lang='lat' dir='ltr'>ille</span> <span class='ocrx_word' id='word_1_318' title='bbox 890 2612 967 2637; x_wconf 92' lang='lat' dir='ltr'>non</span> <span class='ocrx_word' id='word_1_319' title='bbox 987 2612 1053 2638; x_wconf 88' lang='lat' dir='ltr'>mo</span> 
     </span>
     <span class='ocr_line' id='line_1_94' title="bbox 644 2654 1091 2692; baseline 0 -2"><span class='ocrx_word' id='word_1_320' title='bbox 644 2654 734 2691; x_wconf 88' lang='lat' dir='ltr'>ritur</span> <span class='ocrx_word' id='word_1_321' title='bbox 772 2662 808 2691; x_wconf 90' lang='lat' dir='ltr'>et</span> <span class='ocrx_word' id='word_1_322' title='bbox 829 2666 907 2692; x_wconf 92' lang='lat' dir='ltr'>non</span> <span class='ocrx_word' id='word_1_323' title='bbox 929 2655 1021 2691; x_wconf 88' lang='lat' dir='ltr'>dixit</span> <span class='ocrx_word' id='word_1_324' title='bbox 1041 2654 1091 2691; x_wconf 83' lang='lat' dir='ltr'>illi</span> 
     </span>
     <span class='ocr_line' id='line_1_95' title="bbox 645 2708 1108 2757; baseline 0 -13"><span class='ocrx_word' id='word_1_325' title='bbox 645 2708 701 2744; x_wconf 79' lang='lat' dir='ltr'>ihs</span> <span class='ocrx_word' id='word_1_326' title='bbox 721 2708 809 2757; x_wconf 88' lang='lat' dir='ltr'>quia</span> <span class='ocrx_word' id='word_1_327' title='bbox 829 2720 907 2745; x_wconf 89' lang='lat' dir='ltr'>non</span> <span class='ocrx_word' id='word_1_328' title='bbox 927 2709 1108 2745; x_wconf 91' lang='lat' dir='ltr'>morietur</span> 
     </span>
     <span class='ocr_line' id='line_1_96' title="bbox 645 2762 1105 2799; baseline 0.002 -2"><span class='ocrx_word' id='word_1_329' title='bbox 645 2762 712 2798; x_wconf 91' lang='lat' dir='ltr'>sed</span> <span class='ocrx_word' id='word_1_330' title='bbox 732 2762 822 2799; x_wconf 88' lang='lat' dir='ltr'>uolo</span> <span class='ocrx_word' id='word_1_331' title='bbox 842 2774 996 2798; x_wconf 89' lang='lat' dir='ltr'>manere</span> <span class='ocrx_word' id='word_1_332' title='bbox 1017 2774 1105 2799; x_wconf 90' lang='lat' dir='ltr'>eum</span> 
     </span>
     <span class='ocr_line' id='line_1_97' title="bbox 644 2814 1015 2864; baseline 0.003 -14"><span class='ocrx_word' id='word_1_333' title='bbox 644 2814 769 2852; x_wconf 87' lang='lat' dir='ltr'>donec</span> <span class='ocrx_word' id='word_1_334' title='bbox 789 2817 902 2853; x_wconf 93' lang='lat' dir='ltr'>uenio</span> <span class='ocrx_word' id='word_1_335' title='bbox 923 2815 1015 2864; x_wconf 89' lang='lat' dir='ltr'>quid</span> 
     </span>
     <span class='ocr_line' id='line_1_98' title="bbox 643 2868 746 2904; baseline 0 0"><span class='ocrx_word' id='word_1_336' title='bbox 643 2868 689 2904; x_wconf 84' lang='lat' dir='ltr'>ad</span> <span class='ocrx_word' id='word_1_337' title='bbox 712 2876 746 2904; x_wconf 88' lang='lat' dir='ltr'>te</span> 
     </span>
     <span class='ocr_line' id='line_1_99' title="bbox 642 2920 1137 2972; baseline 0.006 -16"><span class='ocrx_word' id='word_1_338' title='bbox 642 2920 670 2941; x_wconf 72' lang='lat'>²⁴</span> <span class='ocrx_word' id='word_1_339' title='bbox 679 2920 754 2958; x_wconf 91' lang='lat' dir='ltr'>Hic</span> <span class='ocrx_word' id='word_1_340' title='bbox 774 2928 830 2958; x_wconf 89' lang='lat' dir='ltr'>est</span> <span class='ocrx_word' id='word_1_341' title='bbox 851 2921 1056 2971; x_wconf 90' lang='lat' dir='ltr'>discipulus</span> <span class='ocrx_word' id='word_1_342' title='bbox 1071 2923 1137 2972; x_wconf 88' lang='lat' dir='ltr'>qui</span> 
     </span>
     <span class='ocr_line' id='line_1_100' title="bbox 644 2975 1030 3023; baseline 0.003 -13"><span class='ocrx_word' id='word_1_343' title='bbox 644 2975 904 3012; x_wconf 86' lang='lat' dir='ltr'>testimonium</span> <span class='ocrx_word' id='word_1_344' title='bbox 924 2975 1030 3023; x_wconf 86' lang='lat' dir='ltr'>perhi</span> 
     </span>
     <span class='ocr_line' id='line_1_101' title="bbox 645 3027 1135 3077; baseline 0.004 -14"><span class='ocrx_word' id='word_1_345' title='bbox 645 3027 709 3064; x_wconf 88' lang='lat' dir='ltr'>bet</span> <span class='ocrx_word' id='word_1_346' title='bbox 730 3028 775 3064; x_wconf 93' lang='lat' dir='ltr'>de</span> <span class='ocrx_word' id='word_1_347' title='bbox 796 3039 857 3064; x_wconf 87' lang='lat' dir='ltr'>me</span> <span class='ocrx_word' id='word_1_348' title='bbox 879 3028 924 3064; x_wconf 93' lang='lat' dir='ltr'>de</span> <span class='ocrx_word' id='word_1_349' title='bbox 945 3028 1002 3065; x_wconf 90' lang='lat' dir='ltr'>his</span> <span class='ocrx_word' id='word_1_350' title='bbox 1019 3036 1054 3065; x_wconf 87' lang='lat' dir='ltr'>et</span> <span class='ocrx_word' id='word_1_351' title='bbox 1070 3029 1135 3077; x_wconf 85' lang='lat' dir='ltr'>qui</span> 
     </span>
     <span class='ocr_line' id='line_1_102' title="bbox 645 3080 1117 3130; baseline 0.002 -12"><span class='ocrx_word' id='word_1_352' title='bbox 645 3080 789 3130; x_wconf 85' lang='lat' dir='ltr'>scripsit</span> <span class='ocrx_word' id='word_1_353' title='bbox 809 3081 903 3118; x_wconf 86' lang='lat' dir='ltr'>haec</span> <span class='ocrx_word' id='word_1_354' title='bbox 923 3088 959 3118; x_wconf 92' lang='lat' dir='ltr'>et</span> <span class='ocrx_word' id='word_1_355' title='bbox 979 3082 1117 3119; x_wconf 82' lang='lat' dir='ltr'>scimus</span> 
     </span>
    </p>
   </div>
   <div class='ocr_carea' id='block_1_10' title="bbox 1581 197 1915 237">
    <p class='ocr_par' dir='ltr' id='par_1_29' title="bbox 1581 197 1915 237">
     <span class='ocr_line' id='line_1_103' title="bbox 1581 197 1915 237; baseline 0.006 -2"><span class='ocrx_word' id='word_1_356' title='bbox 1581 197 1609 235; x_wconf 92' lang='lat' dir='ltr'><strong><em>I</em></strong></span> <span class='ocrx_word' id='word_1_357' title='bbox 1608 198 1721 236; x_wconf 81' lang='lat' dir='ltr'>OHA</span> <span class='ocrx_word' id='word_1_358' title='bbox 1728 197 1860 237; x_wconf 81' lang='lat' dir='ltr'>NNE</span> <span class='ocrx_word' id='word_1_359' title='bbox 1857 198 1915 237; x_wconf 88' lang='lat' dir='ltr'><em>M</em></span> 
     </span>
    </p>
   </div>
   <div class='ocr_carea' id='block_1_11' title="bbox 1212 284 1677 791">
    <p class='ocr_par' dir='ltr' id='par_1_30' title="bbox 1217 284 1372 317">
     <span class='ocr_line' id='line_1_104' title="bbox 1217 284 1372 317; baseline 0.006 -4"><span class='ocrx_word' id='word_1_360' title='bbox 1217 284 1297 314; x_wconf 78' lang='lat' dir='ltr'>Fol.</span> <span class='ocrx_word' id='word_1_361' title='bbox 1315 285 1372 317; x_wconf 85' lang='lat'>87.</span> 
     </span>
    </p>

    <p class='ocr_par' dir='ltr' id='par_1_31' title="bbox 1215 327 1622 417">
     <span class='ocr_line' id='line_1_105' title="bbox 1217 327 1622 373; baseline 0.005 -10"><span class='ocrx_word' id='word_1_362' title='bbox 1217 327 1318 373; x_wconf 87' lang='lat' dir='ltr'>Quia</span> <span class='ocrx_word' id='word_1_363' title='bbox 1337 339 1470 364; x_wconf 92' lang='lat' dir='ltr'>uerum</span> <span class='ocrx_word' id='word_1_364' title='bbox 1490 336 1545 364; x_wconf 88' lang='lat' dir='ltr'>est</span> <span class='ocrx_word' id='word_1_365' title='bbox 1566 335 1622 365; x_wconf 93' lang='lat' dir='ltr'>tes</span> 
     </span>
     <span class='ocr_line' id='line_1_106' title="bbox 1215 381 1517 417; baseline 0 -1"><span class='ocrx_word' id='word_1_366' title='bbox 1215 381 1417 417; x_wconf 89' lang='lat' dir='ltr'>timonium</span> <span class='ocrx_word' id='word_1_367' title='bbox 1438 381 1517 417; x_wconf 91' lang='lat' dir='ltr'>eius</span> 
     </span>
    </p>

    <p class='ocr_par' dir='ltr' id='par_1_32' title="bbox 1215 434 1677 589">
     <span class='ocr_line' id='line_1_107' title="bbox 1220 434 1677 472; baseline 0.004 -2"><span class='ocrx_word' id='word_1_368' title='bbox 1220 434 1298 470; x_wconf 86' lang='lat' dir='ltr'>²⁵Et</span> <span class='ocrx_word' id='word_1_369' title='bbox 1318 434 1389 470; x_wconf 87' lang='lat' dir='ltr'>alia</span> <span class='ocrx_word' id='word_1_370' title='bbox 1410 441 1538 470; x_wconf 89' lang='lat' dir='ltr'>autern</span> <span class='ocrx_word' id='word_1_371' title='bbox 1558 435 1677 472; x_wconf 89' lang='lat' dir='ltr'>multa</span> 
     </span>
     <span class='ocr_line' id='line_1_108' title="bbox 1215 487 1639 536; baseline 0.002 -13"><span class='ocrx_word' id='word_1_372' title='bbox 1215 487 1300 524; x_wconf 92' lang='lat' dir='ltr'>fecit</span> <span class='ocrx_word' id='word_1_373' title='bbox 1321 487 1378 524; x_wconf 75' lang='lat' dir='ltr'>ihs</span> <span class='ocrx_word' id='word_1_374' title='bbox 1399 499 1495 536; x_wconf 89' lang='lat' dir='ltr'>quae</span> <span class='ocrx_word' id='word_1_375' title='bbox 1517 488 1546 524; x_wconf 91' lang='lat' dir='ltr'>si</span> <span class='ocrx_word' id='word_1_376' title='bbox 1567 488 1639 524; x_wconf 90' lang='lat' dir='ltr'>scri</span> 
     </span>
     <span class='ocr_line' id='line_1_109' title="bbox 1217 541 1611 589; baseline -0.003 -12"><span class='ocrx_word' id='word_1_377' title='bbox 1217 542 1392 577; x_wconf 85' lang='lat' dir='ltr'>berentur</span> <span class='ocrx_word' id='word_1_378' title='bbox 1412 553 1479 589; x_wconf 91' lang='lat' dir='ltr'>per</span> <span class='ocrx_word' id='word_1_379' title='bbox 1499 541 1611 589; x_wconf 86' lang='lat' dir='ltr'>singu</span> 
     </span>
    </p>

    <p class='ocr_par' dir='ltr' id='par_1_33' title="bbox 1212 594 1666 791">
     <span class='ocr_line' id='line_1_110' title="bbox 1213 594 1666 642; baseline 0.002 -12"><span class='ocrx_word' id='word_1_380' title='bbox 1213 594 1248 630; x_wconf 89' lang='lat' dir='ltr'>la</span> <span class='ocrx_word' id='word_1_381' title='bbox 1267 606 1337 630; x_wconf 92' lang='lat' dir='ltr'>nec</span> <span class='ocrx_word' id='word_1_382' title='bbox 1359 595 1484 642; x_wconf 90' lang='lat' dir='ltr'>ipsum</span> <span class='ocrx_word' id='word_1_383' title='bbox 1504 595 1666 631; x_wconf 90' lang='lat' dir='ltr'>arbitror</span> 
     </span>
     <span class='ocr_line' id='line_1_111' title="bbox 1213 647 1643 696; baseline 0.005 -13"><span class='ocrx_word' id='word_1_384' title='bbox 1213 647 1400 684; x_wconf 90' lang='lat' dir='ltr'>mundum</span> <span class='ocrx_word' id='word_1_385' title='bbox 1420 659 1555 696; x_wconf 87' lang='lat' dir='ltr'>capere</span> <span class='ocrx_word' id='word_1_386' title='bbox 1576 659 1643 685; x_wconf 86' lang='lat' dir='ltr'>eos</span> 
     </span>
     <span class='ocr_line' id='line_1_112' title="bbox 1212 701 1623 750; baseline 0.002 -13"><span class='ocrx_word' id='word_1_387' title='bbox 1212 701 1326 738; x_wconf 90' lang='lat' dir='ltr'>libros</span> <span class='ocrx_word' id='word_1_388' title='bbox 1346 702 1411 750; x_wconf 87' lang='lat' dir='ltr'>qui</span> <span class='ocrx_word' id='word_1_389' title='bbox 1431 702 1623 738; x_wconf 90' lang='lat' dir='ltr'>scriberen</span> 
     </span>
     <span class='ocr_line' id='line_1_113' title="bbox 1213 761 1272 791; baseline 0.017 -1"><span class='ocrx_word' id='word_1_390' title='bbox 1213 761 1272 791; x_wconf 90' lang='lat' dir='ltr'>tur</span> 
     </span>
    </p>
   </div>
   <div class='ocr_carea' id='block_1_12' title="bbox 1239 860 1678 1006">
    <p class='ocr_par' dir='ltr' id='par_1_34' title="bbox 1239 860 1678 1006">
     <span class='ocr_line' id='line_1_114' title="bbox 1283 860 1633 898; baseline 0 -1"><span class='ocrx_word' id='word_1_391' title='bbox 1283 860 1633 898; x_wconf 76' lang='lat' dir='ltr'>EUANGELIU-</span> 
     </span>
     <span class='ocr_line' id='line_1_115' title="bbox 1239 966 1678 1006; baseline 0.002 -1"><span class='ocrx_word' id='word_1_392' title='bbox 1239 966 1350 1005; x_wconf 88' lang='lat' dir='ltr'>SEC</span> <span class='ocrx_word' id='word_1_393' title='bbox 1367 967 1678 1006; x_wconf 65' lang='lat' dir='ltr'><strong><em>IOHANNE‘</em></strong></span> 
     </span>
    </p>
   </div>
   <div class='ocr_carea' id='block_1_13' title="bbox 1263 1072 1640 1126">
    <p class='ocr_par' dir='ltr' id='par_1_35' title="bbox 1263 1072 1640 1126">
     <span class='ocr_line' id='line_1_116' title="bbox 1263 1072 1640 1126; baseline 0.005 -15"><span class='ocrx_word' id='word_1_394' title='bbox 1263 1073 1432 1124; x_wconf 77' lang='lat' dir='ltr'>EXPL&lt;</span> <span class='ocrx_word' id='word_1_395' title='bbox 1517 1072 1640 1126; x_wconf 74' lang='lat' dir='ltr'>mc&lt;</span> 
     </span>
    </p>
   </div>
   <div class='ocr_carea' id='block_1_14' title="bbox 1254 1180 1669 1541">
    <p class='ocr_par' dir='ltr' id='par_1_36' title="bbox 1254 1180 1669 1541">
     <span class='ocr_line' id='line_1_117' title="bbox 1254 1180 1669 1220; baseline 0.002 -2"><span class='ocrx_word' id='word_1_396' title='bbox 1254 1180 1669 1220; x_wconf 70' lang='lat' dir='ltr'><strong><em>EUAA&#39;GELIUM</em></strong></span> 
     </span>
     <span class='ocr_line' id='line_1_118' title="bbox 1306 1288 1608 1327; baseline 0 -1"><span class='ocrx_word' id='word_1_397' title='bbox 1306 1288 1608 1327; x_wconf 81' lang='lat' dir='ltr'><strong>SECUNDUM</strong></span> 
     </span>
     <span class='ocr_line' id='line_1_119' title="bbox 1294 1396 1614 1447; baseline 0 -14"><span class='ocrx_word' id='word_1_398' title='bbox 1294 1397 1329 1433; x_wconf 83' lang='lat' dir='ltr'><em>L</em></span> <span class='ocrx_word' id='word_1_399' title='bbox 1339 1396 1445 1434; x_wconf 80' lang='lat' dir='ltr'>UCA</span> <span class='ocrx_word' id='word_1_400' title='bbox 1453 1396 1525 1434; x_wconf 76' lang='lat' dir='ltr'>Nc</span> <span class='ocrx_word' id='word_1_401' title='bbox 1530 1396 1614 1447; x_wconf 58' lang='grc' dir='ltr'>ιη(</span> 
     </span>
     <span class='ocr_line' id='line_1_120' title="bbox 1371 1503 1552 1541; baseline 0 -1"><span class='ocrx_word' id='word_1_402' title='bbox 1371 1503 1552 1541; x_wconf 83' lang='grc' dir='ltr'><strong>ΑΜΕΝ</strong></span> 
     </span>
    </p>
   </div>
   <div class='ocr_carea' id='block_1_15' title="bbox 1246 1622 1663 1703">
    <p class='ocr_par' dir='ltr' id='par_1_37' title="bbox 1246 1622 1663 1703">
     <span class='ocr_line' id='line_1_121' title="bbox 1246 1622 1663 1650; baseline 0.005 -2"><span class='ocrx_word' id='word_1_403' title='bbox 1246 1622 1437 1648; x_wconf 74' lang='lat' dir='ltr'><strong><em>CAPITL&#39;LA</em></strong></span> <span class='ocrx_word' id='word_1_404' title='bbox 1465 1623 1663 1650; x_wconf 70' lang='lat' dir='ltr'><strong><em>EUANGELI</em></strong></span> 
     </span>
     <span class='ocr_line' id='line_1_122' title="bbox 1387 1677 1529 1703; baseline 0 -1"><span class='ocrx_word' id='word_1_405' title='bbox 1387 1677 1529 1703; x_wconf 79' lang='lat' dir='ltr'>LUCANI</span> 
     </span>
    </p>
   </div>
   <div class='ocr_carea' id='block_1_16' title="bbox 1204 1793 1684 3080">
    <p class='ocr_par' dir='ltr' id='par_1_38' title="bbox 1209 1793 1590 1832">
     <span class='ocr_line' id='line_1_123' title="bbox 1209 1793 1590 1832; baseline 0.008 -3"><span class='ocrx_word' id='word_1_406' title='bbox 1209 1803 1227 1829; x_wconf 89' lang='grc' dir='ltr'><strong><em>Ι</em></strong></span> <span class='ocrx_word' id='word_1_407' title='bbox 1246 1793 1426 1831; x_wconf 79' lang='lat' dir='ltr'>Zaccarz‘e</span> <span class='ocrx_word' id='word_1_408' title='bbox 1443 1796 1590 1832; x_wconf 81' lang='lat' dir='ltr'>sacerdo</span> 
     </span>
    </p>

    <p class='ocr_par' dir='ltr' id='par_1_39' title="bbox 1208 1848 1605 1898">
     <span class='ocr_line' id='line_1_124' title="bbox 1208 1848 1605 1898; baseline 0.008 -15"><span class='ocrx_word' id='word_1_409' title='bbox 1208 1848 1234 1884; x_wconf 91' lang='lat' dir='ltr'>ti</span> <span class='ocrx_word' id='word_1_410' title='bbox 1256 1849 1428 1897; x_wconf 89' lang='lat' dir='ltr'>apparuit</span> <span class='ocrx_word' id='word_1_411' title='bbox 1447 1850 1605 1898; x_wconf 85' lang='lat' dir='ltr'>angelus</span> 
     </span>
    </p>

    <p class='ocr_par' dir='ltr' id='par_1_40' title="bbox 1208 1902 1624 2153">
     <span class='ocr_line' id='line_1_125' title="bbox 1209 1902 1604 1940; baseline 0.008 -3"><span class='ocrx_word' id='word_1_412' title='bbox 1209 1908 1245 1937; x_wconf 91' lang='lat' dir='ltr'>et</span> <span class='ocrx_word' id='word_1_413' title='bbox 1265 1902 1505 1939; x_wconf 90' lang='lat' dir='ltr'>adnuntiauit</span> <span class='ocrx_word' id='word_1_414' title='bbox 1525 1904 1559 1940; x_wconf 92' lang='lat' dir='ltr'>ei</span> <span class='ocrx_word' id='word_1_415' title='bbox 1580 1903 1604 1939; x_wconf 90' lang='lat' dir='ltr'>fi</span> 
     </span>
     <span class='ocr_line' id='line_1_126' title="bbox 1208 1955 1582 1994; baseline 0.008 -3"><span class='ocrx_word' id='word_1_416' title='bbox 1208 1955 1298 1991; x_wconf 89' lang='lat' dir='ltr'>lium</span> <span class='ocrx_word' id='word_1_417' title='bbox 1318 1955 1526 1993; x_wconf 88' lang='lat' dir='ltr'>iohannem</span> <span class='ocrx_word' id='word_1_418' title='bbox 1546 1963 1582 1994; x_wconf 89' lang='lat' dir='ltr'>et</span> 
     </span>
     <span class='ocr_line' id='line_1_127' title="bbox 1208 2009 1624 2047; baseline 0.005 -2"><span class='ocrx_word' id='word_1_419' title='bbox 1208 2009 1309 2045; x_wconf 91' lang='lat' dir='ltr'>idem</span> <span class='ocrx_word' id='word_1_420' title='bbox 1329 2010 1470 2046; x_wconf 88' lang='lat' dir='ltr'>mariae</span> <span class='ocrx_word' id='word_1_421' title='bbox 1492 2011 1624 2047; x_wconf 72' lang='lat' dir='ltr'>adnu-</span> 
     </span>
     <span class='ocr_line' id='line_1_128' title="bbox 1208 2063 1617 2112; baseline 0.005 -13"><span class='ocrx_word' id='word_1_422' title='bbox 1208 2063 1313 2100; x_wconf 84' lang='lat' dir='ltr'>tiauit</span> <span class='ocrx_word' id='word_1_423' title='bbox 1332 2064 1490 2112; x_wconf 88' lang='lat' dir='ltr'>angelus</span> <span class='ocrx_word' id='word_1_424' title='bbox 1511 2064 1617 2101; x_wconf 74' lang='lat' dir='ltr'>filiu-</span> 
     </span>
     <span class='ocr_line' id='line_1_129' title="bbox 1208 2117 1286 2153; baseline 0 -1"><span class='ocrx_word' id='word_1_425' title='bbox 1208 2117 1286 2153; x_wconf 81' lang='lat' dir='ltr'>ihm</span> 
     </span>
    </p>

    <p class='ocr_par' dir='ltr' id='par_1_41' title="bbox 1207 2170 1666 2316">
     <span class='ocr_line' id='line_1_130' title="bbox 1207 2170 1666 2208; baseline 0.004 -2"><span class='ocrx_word' id='word_1_426' title='bbox 1207 2180 1245 2206; x_wconf 95' lang='lat' dir='ltr'>II</span> <span class='ocrx_word' id='word_1_427' title='bbox 1265 2170 1509 2208; x_wconf 60' lang='lat' dir='ltr'>ll&#39;alz&#39;uz&#39;falem</span> <span class='ocrx_word' id='word_1_428' title='bbox 1529 2171 1594 2208; x_wconf 62' lang='lat' dir='ltr'>ihu</span> <span class='ocrx_word' id='word_1_429' title='bbox 1613 2173 1666 2208; x_wconf 81' lang='lat' dir='ltr'>ad</span> 
     </span>
     <span class='ocr_line' id='line_1_131' title="bbox 1208 2225 1623 2275; baseline 0.007 -15"><span class='ocrx_word' id='word_1_430' title='bbox 1208 2225 1355 2261; x_wconf 87' lang='lat' dir='ltr'>nuntiat</span> <span class='ocrx_word' id='word_1_431' title='bbox 1375 2226 1534 2274; x_wconf 85' lang='lat' dir='ltr'>angelus</span> <span class='ocrx_word' id='word_1_432' title='bbox 1553 2238 1623 2275; x_wconf 89' lang='lat' dir='ltr'>pas</span> 
     </span>
     <span class='ocr_line' id='line_1_132' title="bbox 1207 2279 1352 2316; baseline 0.014 -2"><span class='ocrx_word' id='word_1_433' title='bbox 1207 2279 1352 2316; x_wconf 89' lang='lat' dir='ltr'>toribus</span> 
     </span>
    </p>

    <p class='ocr_par' dir='ltr' id='par_1_42' title="bbox 1205 2332 1642 2541">
     <span class='ocr_line' id='line_1_133' title="bbox 1207 2332 1639 2381; baseline 0.007 -14"><span class='ocrx_word' id='word_1_434' title='bbox 1207 2341 1263 2367; x_wconf 92' lang='lat' dir='ltr'>III</span> <span class='ocrx_word' id='word_1_435' title='bbox 1279 2332 1338 2369; x_wconf 80' lang='lat' dir='ltr'>Et</span> <span class='ocrx_word' id='word_1_436' title='bbox 1353 2333 1491 2381; x_wconf 78' lang='lat' dir='ltr'>adcepz‘t</span> <span class='ocrx_word' id='word_1_437' title='bbox 1507 2334 1639 2370; x_wconf 77' lang='lat' dir='ltr'>simeon</span> 
     </span>
     <span class='ocr_line' id='line_1_134' title="bbox 1208 2386 1642 2433; baseline 0.007 -12"><span class='ocrx_word' id='word_1_438' title='bbox 1208 2397 1369 2433; x_wconf 89' lang='lat' dir='ltr'>puerum</span> <span class='ocrx_word' id='word_1_439' title='bbox 1389 2386 1468 2422; x_wconf 78' lang='lat' dir='ltr'>ihm</span> <span class='ocrx_word' id='word_1_440' title='bbox 1488 2394 1524 2423; x_wconf 93' lang='lat' dir='ltr'>et</span> <span class='ocrx_word' id='word_1_441' title='bbox 1545 2388 1642 2424; x_wconf 90' lang='lat' dir='ltr'>bene</span> 
     </span>
     <span class='ocr_line' id='line_1_135' title="bbox 1206 2438 1631 2478; baseline 0.007 -4"><span class='ocrx_word' id='word_1_442' title='bbox 1206 2438 1299 2476; x_wconf 85' lang='lat' dir='ltr'>dixit</span> <span class='ocrx_word' id='word_1_443' title='bbox 1318 2439 1385 2476; x_wconf 80' lang='lat' dir='ltr'>dm</span> <span class='ocrx_word' id='word_1_444' title='bbox 1405 2447 1442 2477; x_wconf 90' lang='lat' dir='ltr'>et</span> <span class='ocrx_word' id='word_1_445' title='bbox 1462 2440 1508 2477; x_wconf 91' lang='lat' dir='ltr'>de</span> <span class='ocrx_word' id='word_1_446' title='bbox 1529 2452 1631 2478; x_wconf 88' lang='lat' dir='ltr'>anna</span> 
     </span>
     <span class='ocr_line' id='line_1_136' title="bbox 1205 2492 1404 2541; baseline 0.01 -13"><span class='ocrx_word' id='word_1_447' title='bbox 1205 2492 1404 2541; x_wconf 85' lang='lat' dir='ltr'>profetissa</span> 
     </span>
    </p>

    <p class='ocr_par' dir='ltr' id='par_1_43' title="bbox 1205 2548 1684 2692">
     <span class='ocr_line' id='line_1_137' title="bbox 1206 2548 1684 2586; baseline 0.008 -4"><span class='ocrx_word' id='word_1_448' title='bbox 1206 2556 1288 2583; x_wconf 88' lang='lat' dir='ltr'><strong><em>IIII·</em></strong></span> <span class='ocrx_word' id='word_1_449' title='bbox 1309 2548 1507 2584; x_wconf 78' lang='lat' dir='ltr'>Annorum</span> <span class='ocrx_word' id='word_1_450' title='bbox 1532 2558 1603 2584; x_wconf 75' lang='lat' dir='ltr'><strong><em>XII·</em></strong></span> <span class='ocrx_word' id='word_1_451' title='bbox 1625 2548 1684 2586; x_wconf 69' lang='lat' dir='ltr'>z&#39;b&#39;s</span> 
     </span>
     <span class='ocr_line' id='line_1_138' title="bbox 1206 2601 1593 2650; baseline 0.008 -13"><span class='ocrx_word' id='word_1_452' title='bbox 1206 2601 1244 2637; x_wconf 91' lang='lat' dir='ltr'>in</span> <span class='ocrx_word' id='word_1_453' title='bbox 1264 2601 1409 2650; x_wconf 91' lang='lat' dir='ltr'>templo</span> <span class='ocrx_word' id='word_1_454' title='bbox 1428 2601 1593 2640; x_wconf 90' lang='lat' dir='ltr'>docebat</span> 
     </span>
     <span class='ocr_line' id='line_1_139' title="bbox 1205 2667 1373 2692; baseline 0.006 -1"><span class='ocrx_word' id='word_1_455' title='bbox 1205 2667 1373 2692; x_wconf 79' lang='lat' dir='ltr'>seniores</span> 
     </span>
    </p>

    <p class='ocr_par' dir='ltr' id='par_1_44' title="bbox 1204 2709 1682 2961">
     <span class='ocr_line' id='line_1_140' title="bbox 1209 2709 1620 2759; baseline 0.007 -16"><span class='ocrx_word' id='word_1_456' title='bbox 1209 2711 1245 2754; x_wconf 68' lang='grc' dir='ltr'>ι’(</span> <span class='ocrx_word' id='word_1_457' title='bbox 1272 2709 1346 2746; x_wconf 69' lang='lat' dir='ltr'>Ubi</span> <span class='ocrx_word' id='word_1_458' title='bbox 1361 2709 1533 2746; x_wconf 78' lang='lat' dir='ltr'>iohannes</span> <span class='ocrx_word' id='word_1_459' title='bbox 1552 2710 1620 2759; x_wconf 79' lang='lat' dir='ltr'>bap</span> 
     </span>
     <span class='ocr_line' id='line_1_141' title="bbox 1205 2763 1593 2813; baseline 0.005 -15"><span class='ocrx_word' id='word_1_460' title='bbox 1205 2763 1292 2799; x_wconf 89' lang='lat' dir='ltr'>tizat</span> <span class='ocrx_word' id='word_1_461' title='bbox 1311 2763 1497 2811; x_wconf 91' lang='lat' dir='ltr'>populum</span> <span class='ocrx_word' id='word_1_462' title='bbox 1518 2764 1593 2813; x_wconf 93' lang='lat' dir='ltr'>bap</span> 
     </span>
     <span class='ocr_line' id='line_1_142' title="bbox 1204 2817 1610 2865; baseline 0.005 -13"><span class='ocrx_word' id='word_1_463' title='bbox 1204 2817 1360 2853; x_wconf 86' lang='lat' dir='ltr'>tismum</span> <span class='ocrx_word' id='word_1_464' title='bbox 1380 2817 1610 2865; x_wconf 89' lang='lat' dir='ltr'>penitentiae</span> 
     </span>
     <span class='ocr_line' id='line_1_143' title="bbox 1209 2870 1682 2918; baseline 0.004 -13"><span class='ocrx_word' id='word_1_465' title='bbox 1209 2879 1248 2905; x_wconf 73' lang='grc' dir='ltr'>[Ἰ</span> <span class='ocrx_word' id='word_1_466' title='bbox 1263 2870 1320 2906; x_wconf 76' lang='lat' dir='ltr'>Et</span> <span class='ocrx_word' id='word_1_467' title='bbox 1336 2870 1540 2918; x_wconf 77' lang='lat' dir='ltr'>baptizalus</span> <span class='ocrx_word' id='word_1_468' title='bbox 1559 2870 1616 2907; x_wconf 68' lang='lat' dir='ltr'>ihs</span> <span class='ocrx_word' id='word_1_469' title='bbox 1636 2871 1682 2908; x_wconf 82' lang='lat' dir='ltr'>ab</span> 
     </span>
     <span class='ocr_line' id='line_1_144' title="bbox 1205 2923 1554 2961; baseline 0.003 -2"><span class='ocrx_word' id='word_1_470' title='bbox 1205 2923 1412 2961; x_wconf 89' lang='lat' dir='ltr'>iohannem</span> <span class='ocrx_word' id='word_1_471' title='bbox 1431 2923 1500 2960; x_wconf 88' lang='lat' dir='ltr'>fuit</span> <span class='ocrx_word' id='word_1_472' title='bbox 1520 2923 1554 2960; x_wconf 87' lang='lat' dir='ltr'>fe</span> 
     </span>
    </p>

    <p class='ocr_par' dir='ltr' id='par_1_45' title="bbox 1204 2987 1651 3080">
     <span class='ocr_line' id='line_1_145' title="bbox 1205 2987 1562 3014; baseline 0.006 -2"><span class='ocrx_word' id='word_1_473' title='bbox 1205 2989 1244 3013; x_wconf 88' lang='lat' dir='ltr'>re</span> <span class='ocrx_word' id='word_1_474' title='bbox 1265 2987 1454 3013; x_wconf 86' lang='lat' dir='ltr'>annorum</span> <span class='ocrx_word' id='word_1_475' title='bbox 1475 2990 1562 3014; x_wconf 81' lang='lat' dir='ltr'>xxx·</span> 
     </span>
     <span class='ocr_line' id='line_1_146' title="bbox 1204 3029 1651 3080; baseline 0.004 -14"><span class='ocrx_word' id='word_1_476' title='bbox 1204 3029 1310 3080; x_wconf 87' lang='lat' dir='ltr'>quod</span> <span class='ocrx_word' id='word_1_477' title='bbox 1329 3030 1532 3079; x_wconf 85' lang='lat' dir='ltr'>putabatur</span> <span class='ocrx_word' id='word_1_478' title='bbox 1552 3037 1651 3068; x_wconf 82' lang='lat' dir='ltr'>esset</span> 
     </span>
    </p>
   </div>
   <div class='ocr_carea' id='block_1_17' title="bbox 2018 198 2235 253">
    <p class='ocr_par' dir='ltr' id='par_1_46' title="bbox 2018 198 2235 253">
     <span class='ocr_line' id='line_1_147' title="bbox 2018 198 2235 253; baseline 0.005 -15"><span class='ocrx_word' id='word_1_479' title='bbox 2018 198 2115 253; x_wconf 85' lang='lat' dir='ltr'>[xx1.</span> <span class='ocrx_word' id='word_1_480' title='bbox 2135 207 2235 248; x_wconf 84' lang='lat'>8-25.</span> 
     </span>
    </p>
   </div>
   <div class='ocr_carea' id='block_1_18' title="bbox 1737 328 2236 1608">
    <p class='ocr_par' dir='ltr' id='par_1_47' title="bbox 1741 328 2146 485">
     <span class='ocr_line' id='line_1_148' title="bbox 1741 328 2134 380; baseline 0.008 -15"><span class='ocrx_word' id='word_1_481' title='bbox 1741 328 1857 367; x_wconf 90' lang='lat' dir='ltr'>Filius</span> <span class='ocrx_word' id='word_1_482' title='bbox 1877 329 2010 379; x_wconf 90' lang='lat' dir='ltr'>ioseph</span> <span class='ocrx_word' id='word_1_483' title='bbox 2031 338 2067 368; x_wconf 90' lang='lat' dir='ltr'>et</span> <span class='ocrx_word' id='word_1_484' title='bbox 2087 344 2134 380; x_wconf 89' lang='lat' dir='ltr'>ge</span> 
     </span>
     <span class='ocr_line' id='line_1_149' title="bbox 1742 384 2099 433; baseline 0.008 -15"><span class='ocrx_word' id='word_1_485' title='bbox 1742 384 1888 420; x_wconf 91' lang='lat' dir='ltr'>neratio</span> <span class='ocrx_word' id='word_1_486' title='bbox 1909 395 2029 433; x_wconf 87' lang='lat' dir='ltr'>usque</span> <span class='ocrx_word' id='word_1_487' title='bbox 2050 386 2099 421; x_wconf 94' lang='lat' dir='ltr'>ad</span> 
     </span>
     <span class='ocr_line' id='line_1_150' title="bbox 1741 436 2146 485; baseline 0.01 -13"><span class='ocrx_word' id='word_1_488' title='bbox 1741 436 1855 473; x_wconf 88' lang='lat' dir='ltr'>adam</span> <span class='ocrx_word' id='word_1_489' title='bbox 1875 437 1939 485; x_wconf 92' lang='lat' dir='ltr'>qui</span> <span class='ocrx_word' id='word_1_490' title='bbox 1959 439 2028 474; x_wconf 76' lang='lat' dir='ltr'>fuit</span> <span class='ocrx_word' id='word_1_491' title='bbox 2048 439 2146 476; x_wconf 83' lang='lat' dir='ltr'>filius</span> 
     </span>
    </p>

    <p class='ocr_par' dir='ltr' id='par_1_48' title="bbox 1740 489 2189 685">
     <span class='ocr_line' id='line_1_151' title="bbox 1741 489 2157 540; baseline 0.012 -15"><span class='ocrx_word' id='word_1_492' title='bbox 1741 489 1780 525; x_wconf 79' lang='lat' dir='ltr'>di</span> <span class='ocrx_word' id='word_1_493' title='bbox 1801 497 1837 526; x_wconf 90' lang='lat' dir='ltr'>et</span> <span class='ocrx_word' id='word_1_494' title='bbox 1857 490 1895 526; x_wconf 88' lang='lat' dir='ltr'>in</span> <span class='ocrx_word' id='word_1_495' title='bbox 1915 490 2066 529; x_wconf 91' lang='lat' dir='ltr'>deserto</span> <span class='ocrx_word' id='word_1_496' title='bbox 2087 505 2157 540; x_wconf 89' lang='lat' dir='ltr'>age</span> 
     </span>
     <span class='ocr_line' id='line_1_152' title="bbox 1740 542 2189 594; baseline 0.013 -17"><span class='ocrx_word' id='word_1_497' title='bbox 1740 542 1850 578; x_wconf 89' lang='lat' dir='ltr'>batur</span> <span class='ocrx_word' id='word_1_498' title='bbox 1869 555 1891 580; x_wconf 93' lang='lat' dir='ltr'>a</span> <span class='ocrx_word' id='word_1_499' title='bbox 1911 544 2064 582; x_wconf 91' lang='lat' dir='ltr'>diabulo</span> <span class='ocrx_word' id='word_1_500' title='bbox 2085 553 2189 594; x_wconf 88' lang='lat' dir='ltr'>temp</span> 
     </span>
     <span class='ocr_line' id='line_1_153' title="bbox 1740 596 2180 636; baseline 0.014 -6"><span class='ocrx_word' id='word_1_501' title='bbox 1740 601 1838 632; x_wconf 89' lang='lat' dir='ltr'>tatus</span> <span class='ocrx_word' id='word_1_502' title='bbox 1857 596 2039 635; x_wconf 90' lang='lat' dir='ltr'>ieiunauit</span> <span class='ocrx_word' id='word_1_503' title='bbox 2059 612 2121 636; x_wconf 86' lang='lat' dir='ltr'>XL·</span> <span class='ocrx_word' id='word_1_504' title='bbox 2142 600 2180 636; x_wconf 90' lang='lat' dir='ltr'>di</span> 
     </span>
     <span class='ocr_line' id='line_1_154' title="bbox 1740 649 1836 685; baseline 0.01 -1"><span class='ocrx_word' id='word_1_505' title='bbox 1740 649 1836 685; x_wconf 92' lang='lat' dir='ltr'>ebus</span> 
     </span>
    </p>

    <p class='ocr_par' dir='ltr' id='par_1_49' title="bbox 1740 701 2235 794">
     <span class='ocr_line' id='line_1_155' title="bbox 1744 701 2235 753; baseline 0.014 -17"><span class='ocrx_word' id='word_1_506' title='bbox 1744 711 1801 738; x_wconf 71' lang='lat' dir='ltr'>CII</span> <span class='ocrx_word' id='word_1_507' title='bbox 1815 701 1856 737; x_wconf 86' lang='lat' dir='ltr'><em>E</em></span> <span class='ocrx_word' id='word_1_508' title='bbox 1854 707 1869 737; x_wconf 82' lang='lat' dir='ltr'><em>t</em></span> <span class='ocrx_word' id='word_1_509' title='bbox 1881 704 1921 739; x_wconf 87' lang='lat' dir='ltr'>z&#39;n</span> <span class='ocrx_word' id='word_1_510' title='bbox 1936 705 2060 741; x_wconf 77' lang='lat' dir='ltr'>zareth</span> <span class='ocrx_word' id='word_1_511' title='bbox 2075 706 2164 753; x_wconf 77' lang='lat' dir='ltr'>legit</span> <span class='ocrx_word' id='word_1_512' title='bbox 2175 705 2235 743; x_wconf 68' lang='lat' dir='ltr'>ihs</span> 
     </span>
     <span class='ocr_line' id='line_1_156' title="bbox 1740 755 2077 794; baseline 0.009 -3"><span class='ocrx_word' id='word_1_513' title='bbox 1740 755 1877 791; x_wconf 91' lang='lat' dir='ltr'>librum</span> <span class='ocrx_word' id='word_1_514' title='bbox 1897 758 2019 794; x_wconf 90' lang='lat' dir='ltr'>eseiae</span> <span class='ocrx_word' id='word_1_515' title='bbox 2040 766 2077 794; x_wconf 90' lang='lat' dir='ltr'>et</span> 
     </span>
    </p>

    <p class='ocr_par' dir='ltr' id='par_1_50' title="bbox 1739 808 2195 953">
     <span class='ocr_line' id='line_1_157' title="bbox 1740 808 2148 860; baseline 0.012 -16"><span class='ocrx_word' id='word_1_516' title='bbox 1740 808 1832 845; x_wconf 88' lang='lat' dir='ltr'>dixit</span> <span class='ocrx_word' id='word_1_517' title='bbox 1853 821 1932 846; x_wconf 91' lang='lat' dir='ltr'>non</span> <span class='ocrx_word' id='word_1_518' title='bbox 1953 818 2010 847; x_wconf 89' lang='lat' dir='ltr'>est</span> <span class='ocrx_word' id='word_1_519' title='bbox 2030 823 2148 860; x_wconf 86' lang='lat' dir='ltr'>accep</span> 
     </span>
     <span class='ocr_line' id='line_1_158' title="bbox 1739 862 2195 913; baseline 0.009 -15"><span class='ocrx_word' id='word_1_520' title='bbox 1739 869 1800 899; x_wconf 93' lang='lat' dir='ltr'>tus</span> <span class='ocrx_word' id='word_1_521' title='bbox 1820 862 1969 910; x_wconf 87' lang='lat' dir='ltr'>profeta</span> <span class='ocrx_word' id='word_1_522' title='bbox 1988 864 2026 900; x_wconf 92' lang='lat' dir='ltr'>in</span> <span class='ocrx_word' id='word_1_523' title='bbox 2046 865 2195 913; x_wconf 71' lang='lat' dir='ltr'>patria-</span> 
     </span>
     <span class='ocr_line' id='line_1_159' title="bbox 1740 927 1847 953; baseline -0.009 0"><span class='ocrx_word' id='word_1_524' title='bbox 1740 927 1847 953; x_wconf 81' lang='lat' dir='ltr'>suam</span> 
     </span>
    </p>

    <p class='ocr_par' dir='ltr' id='par_1_51' title="bbox 1739 968 2217 1115">
     <span class='ocr_line' id='line_1_160' title="bbox 1743 968 2217 1020; baseline 0.008 -15"><span class='ocrx_word' id='word_1_525' title='bbox 1743 972 1835 1015; x_wconf 72' lang='lat' dir='ltr'><strong><em>LIII&lt;</em></strong></span> <span class='ocrx_word' id='word_1_526' title='bbox 1857 968 1907 1005; x_wconf 86' lang='lat' dir='ltr'>In</span> <span class='ocrx_word' id='word_1_527' title='bbox 1929 983 2153 1020; x_wconf 49' lang='lat' dir='ltr'>&amp;nagogam</span> <span class='ocrx_word' id='word_1_528' title='bbox 2172 971 2217 1009; x_wconf 77' lang='lat' dir='ltr'>ho</span> 
     </span>
     <span class='ocr_line' id='line_1_161' title="bbox 1740 1023 2114 1062; baseline 0.003 -1"><span class='ocrx_word' id='word_1_529' title='bbox 1740 1025 1886 1061; x_wconf 88' lang='lat' dir='ltr'>minem</span> <span class='ocrx_word' id='word_1_530' title='bbox 1907 1023 2114 1062; x_wconf 88' lang='lat' dir='ltr'>habentem</span> 
     </span>
     <span class='ocr_line' id='line_1_162' title="bbox 1739 1077 2077 1115; baseline 0 0"><span class='ocrx_word' id='word_1_531' title='bbox 1739 1077 1963 1115; x_wconf 90' lang='lat' dir='ltr'>demonium</span> <span class='ocrx_word' id='word_1_532' title='bbox 1983 1090 2077 1115; x_wconf 89' lang='lat' dir='ltr'>mun</span> 
     </span>
    </p>

    <p class='ocr_par' dir='ltr' id='par_1_52' title="bbox 1740 1132 2116 1173">
     <span class='ocr_line' id='line_1_163' title="bbox 1740 1132 2116 1173; baseline 0.011 -4"><span class='ocrx_word' id='word_1_533' title='bbox 1740 1132 1843 1169; x_wconf 88' lang='lat' dir='ltr'>dauit</span> <span class='ocrx_word' id='word_1_534' title='bbox 2104 1142 2116 1173; x_wconf 89' lang='lat' dir='ltr'>i</span> 
     </span>
    </p>

    <p class='ocr_par' dir='ltr' id='par_1_53' title="bbox 1739 1183 2236 1277">
     <span class='ocr_line' id='line_1_164' title="bbox 1743 1183 2236 1233; baseline 0.01 -15"><span class='ocrx_word' id='word_1_535' title='bbox 1743 1190 1781 1216; x_wconf 75' lang='grc' dir='ltr'>ΓΙ</span> <span class='ocrx_word' id='word_1_536' title='bbox 1782 1191 1800 1216; x_wconf 92' lang='grc' dir='ltr'><em>Ι</em></span> <span class='ocrx_word' id='word_1_537' title='bbox 1803 1190 1837 1216; x_wconf 85' lang='lat' dir='ltr'>II</span> <span class='ocrx_word' id='word_1_538' title='bbox 1840 1183 1859 1233; x_wconf 70' lang='lat' dir='ltr'>c(</span> <span class='ocrx_word' id='word_1_539' title='bbox 1871 1184 1946 1221; x_wconf 77' lang='lat' dir='ltr'>Ubi</span> <span class='ocrx_word' id='word_1_540' title='bbox 1951 1188 2132 1233; x_wconf 77' lang='lat' dir='ltr'>aposlolus</span> <span class='ocrx_word' id='word_1_541' title='bbox 2144 1187 2236 1223; x_wconf 82' lang='lat' dir='ltr'>dz&#39;cil</span> 
     </span>
     <span class='ocr_line' id='line_1_165' title="bbox 1739 1235 2101 1277; baseline 0.014 -6"><span class='ocrx_word' id='word_1_542' title='bbox 1739 1235 1797 1272; x_wconf 79' lang='lat' dir='ltr'>ihs</span> <span class='ocrx_word' id='word_1_543' title='bbox 1818 1239 1944 1275; x_wconf 92' lang='lat' dir='ltr'>uenite</span> <span class='ocrx_word' id='word_1_544' title='bbox 1964 1239 2101 1277; x_wconf 89' lang='lat' dir='ltr'>faciam</span> 
     </span>
    </p>

    <p class='ocr_par' dir='ltr' id='par_1_54' title="bbox 1738 1292 2139 1381">
     <span class='ocr_line' id='line_1_166' title="bbox 1739 1292 2139 1339; baseline 0.015 -14"><span class='ocrx_word' id='word_1_545' title='bbox 1739 1300 1810 1326; x_wconf 87' lang='lat' dir='ltr'>uos</span> <span class='ocrx_word' id='word_1_546' title='bbox 1831 1292 2038 1339; x_wconf 88' lang='lat' dir='ltr'>piscatores</span> <span class='ocrx_word' id='word_1_547' title='bbox 2059 1294 2139 1331; x_wconf 89' lang='lat' dir='ltr'>fieri</span> 
     </span>
     <span class='ocr_line' id='line_1_167' title="bbox 1738 1342 1937 1381; baseline 0.02 -3"><span class='ocrx_word' id='word_1_548' title='bbox 1738 1342 1937 1381; x_wconf 88' lang='lat' dir='ltr'>hominum</span> 
     </span>
    </p>

    <p class='ocr_par' dir='ltr' id='par_1_55' title="bbox 1737 1397 2155 1491">
     <span class='ocr_line' id='line_1_168' title="bbox 1739 1397 2155 1450; baseline 0.019 -20"><span class='ocrx_word' id='word_1_549' title='bbox 1739 1405 1766 1430; x_wconf 82' lang='lat' dir='ltr'>x</span> <span class='ocrx_word' id='word_1_550' title='bbox 1793 1397 1869 1435; x_wconf 71' lang='lat' dir='ltr'>Ubi</span> <span class='ocrx_word' id='word_1_551' title='bbox 1882 1400 2042 1447; x_wconf 73' lang='lat' dir='ltr'>leprosus</span> <span class='ocrx_word' id='word_1_552' title='bbox 2060 1413 2155 1450; x_wconf 78' lang='lat' dir='ltr'>roga</span> 
     </span>
     <span class='ocr_line' id='line_1_169' title="bbox 1737 1451 2111 1491; baseline 0.013 -5"><span class='ocrx_word' id='word_1_553' title='bbox 1737 1451 1790 1486; x_wconf 91' lang='lat' dir='ltr'>uit</span> <span class='ocrx_word' id='word_1_554' title='bbox 1811 1451 1889 1488; x_wconf 80' lang='lat' dir='ltr'>ihm</span> <span class='ocrx_word' id='word_1_555' title='bbox 1910 1460 1946 1489; x_wconf 91' lang='lat' dir='ltr'>et</span> <span class='ocrx_word' id='word_1_556' title='bbox 1966 1455 2111 1491; x_wconf 88' lang='lat' dir='ltr'>munda</span> 
     </span>
    </p>

    <p class='ocr_par' dir='ltr' id='par_1_56' title="bbox 1738 1504 1901 1542">
     <span class='ocr_line' id='line_1_170' title="bbox 1738 1504 1901 1542; baseline 0.025 -4"><span class='ocrx_word' id='word_1_557' title='bbox 1738 1504 1791 1539; x_wconf 91' lang='lat' dir='ltr'>uit</span> <span class='ocrx_word' id='word_1_558' title='bbox 1812 1517 1901 1542; x_wconf 89' lang='lat' dir='ltr'>eum</span> 
     </span>
    </p>

    <p class='ocr_par' dir='ltr' id='par_1_57' title="bbox 1739 1558 2173 1608">
     <span class='ocr_line' id='line_1_171' title="bbox 1739 1558 2173 1608; baseline 0.018 -17"><span class='ocrx_word' id='word_1_559' title='bbox 1739 1565 1785 1592; x_wconf 74' lang='lat' dir='ltr'><strong><em>XI</em></strong></span> <span class='ocrx_word' id='word_1_560' title='bbox 1801 1558 2060 1608; x_wconf 57' lang='lat' dir='ltr'>Parab&#39;tz&#39;cum</span> <span class='ocrx_word' id='word_1_561' title='bbox 2080 1574 2173 1599; x_wconf 83' lang='lat' dir='ltr'>cura</span> 
     </span>
    </p>
   </div>
   <div class='ocr_carea' id='block_1_19' title="bbox 1735 1793 2195 2212">
    <p class='ocr_par' dir='ltr' id='par_1_58' title="bbox 1735 1793 2195 2059">
     <span class='ocr_line' id='line_1_172' title="bbox 1736 1793 2150 1847; baseline 0.014 -16"><span class='ocrx_word' id='word_1_562' title='bbox 1736 1793 1803 1831; x_wconf 91' lang='lat' dir='ltr'>Uit</span> <span class='ocrx_word' id='word_1_563' title='bbox 1823 1795 1908 1834; x_wconf 74' lang='lat' dir='ltr'>dms</span> <span class='ocrx_word' id='word_1_564' title='bbox 1929 1798 1993 1847; x_wconf 86' lang='lat' dir='ltr'>qui</span> <span class='ocrx_word' id='word_1_565' title='bbox 2014 1798 2150 1837; x_wconf 90' lang='lat' dir='ltr'>tollens</span> 
     </span>
     <span class='ocr_line' id='line_1_173' title="bbox 1736 1850 2085 1896; baseline 0.011 -11"><span class='ocrx_word' id='word_1_566' title='bbox 1736 1850 1952 1896; x_wconf 85' lang='lat' dir='ltr'>grabattum</span> <span class='ocrx_word' id='word_1_567' title='bbox 1973 1863 2085 1889; x_wconf 90' lang='lat' dir='ltr'>suum</span> 
     </span>
     <span class='ocr_line' id='line_1_174' title="bbox 1735 1903 2195 1944; baseline 0.013 -6"><span class='ocrx_word' id='word_1_568' title='bbox 1735 1903 1825 1939; x_wconf 88' lang='lat' dir='ltr'>abiit</span> <span class='ocrx_word' id='word_1_569' title='bbox 1845 1904 1885 1940; x_wconf 91' lang='lat' dir='ltr'>in</span> <span class='ocrx_word' id='word_1_570' title='bbox 1905 1905 2065 1942; x_wconf 92' lang='lat' dir='ltr'>domum</span> <span class='ocrx_word' id='word_1_571' title='bbox 2086 1918 2195 1944; x_wconf 86' lang='lat' dir='ltr'>suam</span> 
     </span>
     <span class='ocr_line' id='line_1_175' title="bbox 1737 1956 2194 1997; baseline 0.013 -6"><span class='ocrx_word' id='word_1_572' title='bbox 1737 1966 1801 1992; x_wconf 76' lang='lat' dir='ltr'>XII</span> <span class='ocrx_word' id='word_1_573' title='bbox 1817 1956 1875 1994; x_wconf 77' lang='lat' dir='ltr'>Et</span> <span class='ocrx_word' id='word_1_574' title='bbox 1889 1964 2028 1996; x_wconf 78' lang='lat' dir='ltr'>secutus</span> <span class='ocrx_word' id='word_1_575' title='bbox 2046 1965 2099 1997; x_wconf 77' lang='lat' dir='ltr'>est</span> <span class='ocrx_word' id='word_1_576' title='bbox 2114 1961 2194 1997; x_wconf 65' lang='lat' dir='ltr'>dbm</span> 
     </span>
     <span class='ocr_line' id='line_1_176' title="bbox 1735 2011 2083 2059; baseline 0.009 -13"><span class='ocrx_word' id='word_1_577' title='bbox 1735 2011 1958 2059; x_wconf 89' lang='lat' dir='ltr'>publicanus</span> <span class='ocrx_word' id='word_1_578' title='bbox 1979 2014 2083 2049; x_wconf 92' lang='lat' dir='ltr'>nomi</span> 
     </span>
    </p>

    <p class='ocr_par' dir='ltr' id='par_1_59' title="bbox 1736 2065 2109 2103">
     <span class='ocr_line' id='line_1_177' title="bbox 1736 2065 2109 2103; baseline 0.008 -3"><span class='ocrx_word' id='word_1_579' title='bbox 1736 2077 1783 2101; x_wconf 92' lang='lat' dir='ltr'>ne</span> <span class='ocrx_word' id='word_1_580' title='bbox 1805 2065 1905 2102; x_wconf 92' lang='lat' dir='ltr'>leuui</span> <span class='ocrx_word' id='word_1_581' title='bbox 1960 2074 1996 2102; x_wconf 92' lang='lat' dir='ltr'>et</span> <span class='ocrx_word' id='word_1_582' title='bbox 2017 2067 2109 2103; x_wconf 91' lang='lat' dir='ltr'>dixit</span> 
     </span>
    </p>

    <p class='ocr_par' dir='ltr' id='par_1_60' title="bbox 1735 2118 2175 2212">
     <span class='ocr_line' id='line_1_178' title="bbox 1735 2118 2117 2157; baseline 0.008 -3"><span class='ocrx_word' id='word_1_583' title='bbox 1735 2118 1793 2155; x_wconf 74' lang='lat' dir='ltr'>ihs</span> <span class='ocrx_word' id='word_1_584' title='bbox 1813 2131 1928 2156; x_wconf 91' lang='lat' dir='ltr'>nemo</span> <span class='ocrx_word' id='word_1_585' title='bbox 1947 2121 2060 2156; x_wconf 90' lang='lat' dir='ltr'>mittit</span> <span class='ocrx_word' id='word_1_586' title='bbox 2078 2121 2117 2157; x_wconf 90' lang='lat' dir='ltr'>ui</span> 
     </span>
     <span class='ocr_line' id='line_1_179' title="bbox 1736 2174 2175 2212; baseline 0.009 -4"><span class='ocrx_word' id='word_1_587' title='bbox 1736 2184 1830 2208; x_wconf 91' lang='lat' dir='ltr'>num</span> <span class='ocrx_word' id='word_1_588' title='bbox 1851 2185 1996 2210; x_wconf 90' lang='lat' dir='ltr'>nouum</span> <span class='ocrx_word' id='word_1_589' title='bbox 2015 2174 2055 2211; x_wconf 90' lang='lat' dir='ltr'>in</span> <span class='ocrx_word' id='word_1_590' title='bbox 2074 2181 2175 2212; x_wconf 91' lang='lat' dir='ltr'>utres</span> 
     </span>
    </p>
   </div>
   <div class='ocr_carea' id='block_1_20' title="bbox 1694 2227 1875 2264">
    <p class='ocr_par' dir='ltr' id='par_1_61' title="bbox 1694 2227 1875 2264">
     <span class='ocr_line' id='line_1_180' title="bbox 1694 2227 1875 2264; baseline 0.028 -6"><span class='ocrx_word' id='word_1_591' title='bbox 1694 2252 1699 2258; x_wconf 87' lang='lat'><strong>.</strong></span> <span class='ocrx_word' id='word_1_592' title='bbox 1736 2227 1875 2264; x_wconf 90' lang='lat' dir='ltr'>ueteris</span> 
     </span>
    </p>
   </div>
   <div class='ocr_carea' id='block_1_21' title="bbox 1731 2280 2229 3080">
    <p class='ocr_par' dir='ltr' id='par_1_62' title="bbox 1735 2280 2229 2384">
     <span class='ocr_line' id='line_1_181' title="bbox 1737 2280 2229 2331; baseline 0.008 -16"><span class='ocrx_word' id='word_1_593' title='bbox 1737 2290 1820 2316; x_wconf 75' lang='lat' dir='ltr'><strong><em>XIII</em></strong></span> <span class='ocrx_word' id='word_1_594' title='bbox 1835 2280 1910 2317; x_wconf 63' lang='lat' dir='ltr'>Die</span> <span class='ocrx_word' id='word_1_595' title='bbox 1927 2281 2075 2318; x_wconf 76' lang='lat' dir='ltr'>sabbati</span> <span class='ocrx_word' id='word_1_596' title='bbox 2087 2282 2229 2331; x_wconf 56' lang='lat' dir='ltr'>dz&#39;sczjhu</span> 
     </span>
     <span class='ocr_line' id='line_1_182' title="bbox 1735 2334 2157 2384; baseline 0.007 -14"><span class='ocrx_word' id='word_1_597' title='bbox 1735 2334 1760 2371; x_wconf 92' lang='lat' dir='ltr'>li</span> <span class='ocrx_word' id='word_1_598' title='bbox 1779 2334 1970 2371; x_wconf 85' lang='lat' dir='ltr'>uellebant</span> <span class='ocrx_word' id='word_1_599' title='bbox 1990 2335 2157 2384; x_wconf 87' lang='lat' dir='ltr'>pispicas</span> 
     </span>
    </p>

    <p class='ocr_par' dir='ltr' id='par_1_63' title="bbox 1735 2388 2134 2426">
     <span class='ocr_line' id='line_1_183' title="bbox 1735 2388 2134 2426; baseline 0.003 -2"><span class='ocrx_word' id='word_1_600' title='bbox 1735 2395 1772 2424; x_wconf 91' lang='lat' dir='ltr'>et</span> <span class='ocrx_word' id='word_1_601' title='bbox 1793 2388 2078 2426; x_wconf 87' lang='lat' dir='ltr'>manducabant</span> <span class='ocrx_word' id='word_1_602' title='bbox 2097 2396 2134 2425; x_wconf 89' lang='lat' dir='ltr'>et</span> 
     </span>
    </p>

    <p class='ocr_par' dir='ltr' id='par_1_64' title="bbox 1735 2442 2100 2491">
     <span class='ocr_line' id='line_1_184' title="bbox 1735 2442 2100 2491; baseline 0.003 -13"><span class='ocrx_word' id='word_1_603' title='bbox 1735 2442 1775 2478; x_wconf 92' lang='lat' dir='ltr'>in</span> <span class='ocrx_word' id='word_1_604' title='bbox 1795 2454 1991 2491; x_wconf 83' lang='lat' dir='ltr'>synagoga</span> <span class='ocrx_word' id='word_1_605' title='bbox 2009 2454 2100 2479; x_wconf 87' lang='lat' dir='ltr'>cura</span> 
     </span>
    </p>

    <p class='ocr_par' dir='ltr' id='par_1_65' title="bbox 1734 2495 2099 2533">
     <span class='ocr_line' id='line_1_185' title="bbox 1734 2495 2099 2533; baseline 0.003 -1"><span class='ocrx_word' id='word_1_606' title='bbox 1734 2496 1788 2532; x_wconf 92' lang='lat' dir='ltr'>uit</span> <span class='ocrx_word' id='word_1_607' title='bbox 1807 2495 2004 2532; x_wconf 87' lang='lat' dir='ltr'>hominem</span> <span class='ocrx_word' id='word_1_608' title='bbox 2024 2496 2099 2533; x_wconf 83' lang='lat' dir='ltr'>dex</span> 
     </span>
    </p>

    <p class='ocr_par' dir='ltr' id='par_1_66' title="bbox 1733 2550 2136 2640">
     <span class='ocr_line' id='line_1_186' title="bbox 1733 2550 2136 2587; baseline 0.002 -1"><span class='ocrx_word' id='word_1_609' title='bbox 1733 2556 1791 2586; x_wconf 90' lang='lat' dir='ltr'>tra</span> <span class='ocrx_word' id='word_1_610' title='bbox 1811 2561 1968 2586; x_wconf 90' lang='lat' dir='ltr'>manum</span> <span class='ocrx_word' id='word_1_611' title='bbox 1988 2550 2136 2587; x_wconf 85' lang='lat' dir='ltr'>aridam</span> 
     </span>
     <span class='ocr_line' id='line_1_187' title="bbox 1734 2603 1941 2640; baseline 0 0"><span class='ocrx_word' id='word_1_612' title='bbox 1734 2603 1941 2640; x_wconf 87' lang='lat' dir='ltr'>habentem</span> 
     </span>
    </p>

    <p class='ocr_par' dir='ltr' id='par_1_67' title="bbox 1731 2657 2227 2811">
     <span class='ocr_line' id='line_1_188' title="bbox 1735 2657 2227 2705; baseline 0 -12"><span class='ocrx_word' id='word_1_613' title='bbox 1735 2667 1836 2693; x_wconf 75' lang='lat' dir='ltr'><strong><em>XIIII</em></strong></span> <span class='ocrx_word' id='word_1_614' title='bbox 1857 2657 1933 2693; x_wconf 81' lang='lat' dir='ltr'>Ubi</span> <span class='ocrx_word' id='word_1_615' title='bbox 1943 2657 2137 2705; x_wconf 69' lang='lat' dir='ltr'>discipulos</span> <span class='ocrx_word' id='word_1_616' title='bbox 2147 2657 2227 2693; x_wconf 67' lang='lat' dir='ltr'>dffzs</span> 
     </span>
     <span class='ocr_line' id='line_1_189' title="bbox 1733 2710 2145 2759; baseline -0.005 -11"><span class='ocrx_word' id='word_1_617' title='bbox 1733 2712 1845 2759; x_wconf 88' lang='lat' dir='ltr'>elegit</span> <span class='ocrx_word' id='word_1_618' title='bbox 1865 2717 1902 2747; x_wconf 92' lang='lat' dir='ltr'>et</span> <span class='ocrx_word' id='word_1_619' title='bbox 1922 2710 2078 2746; x_wconf 89' lang='lat' dir='ltr'>nomina</span> <span class='ocrx_word' id='word_1_620' title='bbox 2098 2722 2145 2746; x_wconf 92' lang='lat' dir='ltr'>eo</span> 
     </span>
     <span class='ocr_line' id='line_1_190' title="bbox 1731 2762 2136 2811; baseline -0.005 -10"><span class='ocrx_word' id='word_1_621' title='bbox 1731 2776 1817 2801; x_wconf 92' lang='lat' dir='ltr'>rum</span> <span class='ocrx_word' id='word_1_622' title='bbox 1837 2763 2009 2811; x_wconf 88' lang='lat' dir='ltr'>designat</span> <span class='ocrx_word' id='word_1_623' title='bbox 2028 2770 2065 2799; x_wconf 91' lang='lat' dir='ltr'>et</span> <span class='ocrx_word' id='word_1_624' title='bbox 2085 2762 2136 2800; x_wconf 94' lang='lat' dir='ltr'>do</span> 
     </span>
    </p>

    <p class='ocr_par' dir='ltr' id='par_1_68' title="bbox 1733 2816 2085 2854">
     <span class='ocr_line' id='line_1_191' title="bbox 1733 2816 2085 2854; baseline -0.009 0"><span class='ocrx_word' id='word_1_625' title='bbox 1733 2825 1792 2854; x_wconf 90' lang='lat' dir='ltr'>cet</span> <span class='ocrx_word' id='word_1_626' title='bbox 1812 2816 2085 2853; x_wconf 89' lang='lat' dir='ltr'>beatitudinem</span> 
     </span>
    </p>

    <p class='ocr_par' dir='ltr' id='par_1_69' title="bbox 1731 2869 2198 2961">
     <span class='ocr_line' id='line_1_192' title="bbox 1733 2869 2198 2918; baseline 0.002 -12"><span class='ocrx_word' id='word_1_627' title='bbox 1733 2880 1786 2906; x_wconf 72' lang='grc' dir='ltr'>ΧΠ</span> <span class='ocrx_word' id='word_1_628' title='bbox 1799 2870 1859 2906; x_wconf 82' lang='lat' dir='ltr'>De</span> <span class='ocrx_word' id='word_1_629' title='bbox 1862 2869 2013 2918; x_wconf 75' lang='lat' dir='ltr'>festuca</span> <span class='ocrx_word' id='word_1_630' title='bbox 2033 2874 2066 2906; x_wconf 77' lang='lat' dir='ltr'>et</span> <span class='ocrx_word' id='word_1_631' title='bbox 2081 2870 2198 2907; x_wconf 78' lang='lat' dir='ltr'>tz&#39;rabe</span> 
     </span>
     <span class='ocr_line' id='line_1_193' title="bbox 1731 2923 2098 2961; baseline 0 -1"><span class='ocrx_word' id='word_1_632' title='bbox 1731 2924 1778 2960; x_wconf 89' lang='lat' dir='ltr'>de</span> <span class='ocrx_word' id='word_1_633' title='bbox 1798 2923 1910 2961; x_wconf 92' lang='lat' dir='ltr'>oculo</span> <span class='ocrx_word' id='word_1_634' title='bbox 1929 2923 2098 2960; x_wconf 91' lang='lat' dir='ltr'>eruendo</span> 
     </span>
    </p>

    <p class='ocr_par' dir='ltr' id='par_1_70' title="bbox 1731 2977 2152 3014">
     <span class='ocr_line' id='line_1_194' title="bbox 1731 2977 2152 3014; baseline 0.002 -1"><span class='ocrx_word' id='word_1_635' title='bbox 1731 2985 1767 3013; x_wconf 90' lang='lat' dir='ltr'>et</span> <span class='ocrx_word' id='word_1_636' title='bbox 1788 2977 1835 3014; x_wconf 91' lang='lat' dir='ltr'>de</span> <span class='ocrx_word' id='word_1_637' title='bbox 1857 2977 1974 3013; x_wconf 90' lang='lat' dir='ltr'>domo</span> <span class='ocrx_word' id='word_1_638' title='bbox 1994 2977 2152 3014; x_wconf 87' lang='lat' dir='ltr'>aedifica</span> 
     </span>
    </p>

    <p class='ocr_par' dir='ltr' id='par_1_71' title="bbox 1731 3036 2126 3080">
     <span class='ocr_line' id='line_1_195' title="bbox 1731 3036 2126 3080; baseline 0 -13"><span class='ocrx_word' id='word_1_639' title='bbox 1731 3036 1768 3068; x_wconf 83' lang='lat' dir='ltr'>ta</span> <span class='ocrx_word' id='word_1_640' title='bbox 1788 3042 1902 3080; x_wconf 89' lang='lat' dir='ltr'>super</span> <span class='ocrx_word' id='word_1_641' title='bbox 1922 3038 2068 3080; x_wconf 87' lang='lat' dir='ltr'>petram</span> <span class='ocrx_word' id='word_1_642' title='bbox 2088 3037 2126 3068; x_wconf 92' lang='lat' dir='ltr'>et</span> 
     </span>
    </p>
   </div>
  </div>
 </body>
</html>
