2504 3382
306 198 360 225 xr.
383 188 591 243 26—X11.5.J
647 192 1059 235 EUANGELIUM
1089 198 1199 238 SEC

305 273 389 304 Fol.
405 275 466 305 68.

306 315 391 353 Tur
409 318 448 354 in
468 326 642 356 eternum
661 333 723 360 cre

304 368 362 406 dis
381 369 456 408 hoc

302 420 332 443 ²⁷
343 423 407 460 Ait
427 424 477 461 illi
496 426 644 465 martha
667 428 798 479 utique

301 475 376 513 dfie
397 490 471 526 ego
491 480 642 518 crededi
663 483 752 532 quia

300 536 342 566 tu
362 542 403 567 es
422 535 495 580 xps
516 533 613 571 filius
628 534 666 572 di
687 537 765 574 uiui

300 583 365 632 qui
384 583 424 620 in
443 585 545 624 hunc
567 588 778 627 mandatu·

298 637 436 675 uenisti

298 689 327 710 ²⁸
340 689 390 728 Et
410 690 505 730 haec
525 705 611 731 cum
632 695 788 735 dixisset

297 744 389 781 abiit
445 753 480 783 et
501 750 655 786 uocauit
675 763 738 788 ma

295 797 391 835 riam
412 810 583 838 sororem
604 815 713 841 suam

295 851 444 890 silentio
465 853 596 893 dicens
618 868 682 894 ma

295 905 412 953 gister
431 907 522 945 ades
543 916 579 946 et
595 918 708 948 uocat

294 964 330 996 te
491 960 520 982 ²⁹
533 969 569 999 et
588 963 650 1000 illa
670 971 712 1002 ut

293 1011 436 1049 audiuit
457 1017 618 1053 surrexit
638 1018 672 1054 ci

292 1071 333 1103 to
353 1071 390 1102 et
410 1069 589 1106 ueniebat
610 1069 658 1107 ad
678 1071 772 1108 illu-

289 1118 319 1139 ⁵⁰
330 1120 504 1158 nondum
524 1123 627 1159 enim
649 1135 746 1162 uene

287 1180 345 1208 rat
369 1172 426 1210 ihs
446 1174 485 1210 in
506 1177 701 1214 castellum

289 1226 357 1263 sed
377 1234 457 1264 erat
476 1227 601 1267 adhuc
622 1231 660 1267 in
682 1231 705 1268 il

286 1278 324 1316 lo
344 1279 431 1317 loco
451 1281 516 1318 ubi
536 1285 699 1321 occurrit

283 1333 318 1369 ei
338 1334 486 1372 martha
525 1335 552 1357 ³¹
563 1337 663 1375 iudei
683 1351 732 1376 au

283 1392 360 1423 tem
382 1388 445 1437 qui
465 1398 571 1427 erant
591 1403 679 1429 cum

283 1452 328 1478 ea
348 1441 387 1478 in
408 1442 526 1482 domo
545 1445 609 1494 qui
629 1458 716 1484 eam

282 1495 580 1534 consulabantur
619 1500 657 1536 ui

281 1547 415 1586 dentes
435 1552 593 1589 mariam
614 1554 705 1604 quia

280 1676 368 1715 Cito
388 1681 548 1718 surrexit
587 1689 625 1719 et

277 1732 369 1768 exiit
409 1735 526 1771 secuti
547 1743 635 1772 sunt
654 1743 728 1774 ea-

277 1784 448 1824 dicentes
468 1789 557 1837 quia
578 1802 626 1826 ua

275 1837 338 1875 det
357 1839 406 1876 ad
426 1850 709 1882 monumentu·‘

275 1898 316 1928 ut
336 1892 459 1941 ploret
479 1895 531 1932 ibi

273 1944 300 1965 ³²
313 1945 438 1984 Maria
458 1957 584 1987 autem
605 1958 645 1988 ut
665 1963 712 1989 ue

272 1999 328 2035 nit
348 2001 412 2037 ubi
432 2010 510 2039 erat
531 2003 590 2040 ihs
609 2013 644 2042 et
665 2006 703 2042 ui

273 2053 328 2089 dit
347 2066 434 2091 eum
455 2063 492 2093 et
512 2058 648 2096 cecidit

271 2106 321 2143 ad
341 2108 459 2156 pedes
479 2111 560 2148 eius
580 2119 615 2150 et
637 2113 730 2150 dixit

269 2160 304 2197 ei
323 2161 398 2199 dfie
418 2163 447 2199 si
466 2175 570 2202 esses
589 2165 649 2203 hic
669 2173 749 2205 no-

267 2222 368 2251 esset
388 2226 562 2256 mortuus
581 2219 637 2257 fra

267 2275 324 2304 ter
343 2280 451 2307 meus

266 2319 296 2341 ³⁸
307 2322 374 2360 Ihs
393 2335 487 2373 ergo
507 2334 547 2362 ut
567 2327 661 2366 uidit
676 2341 761 2367 eam

266 2374 480 2424 plorantem
502 2387 538 2416 et
557 2381 668 2420 iudae

267 2440 310 2466 os
331 2429 465 2468 flentes
486 2433 550 2482 qui
570 2446 667 2474 uene

264 2490 349 2520 rant
370 2496 457 2521 cum
477 2498 523 2523 ea
542 2487 640 2526 infre

265 2537 361 2574 muit
381 2541 453 2586 spu
473 2546 511 2576 et
531 2542 696 2581 turbabit

265 2601 307 2627 se
327 2590 452 2639 ipsum
472 2593 499 2613 ⁸4
513 2601 550 2631 et
570 2595 664 2634 dixit
684 2598 750 2636 ubi

263 2645 423 2692 posuisti
441 2658 531 2683 eum

263 2696 408 2735 Dicunt
429 2700 462 2737 ei
484 2701 559 2739 dne
579 2714 628 2742 ue

262 2751 302 2788 ni
322 2759 358 2789 et
377 2752 462 2791 uide
483 2754 511 2775 ³⁵
522 2763 559 2792 et
579 2756 669 2796 lacri

261 2812 388 2843 matus
407 2814 463 2845 est
483 2808 542 2846 ihs

261 2858 287 2878 ³⁶
299 2858 486 2899 Dixerunt
505 2875 598 2913 ergo
618 2865 653 2903 ei
673 2865 711 2905 iu

260 2910 344 2950 daei
364 2926 455 2954 ecce
475 2919 673 2967 quomodo

834 324 1002 364 Amabat
1022 339 1110 366 eum
1148 330 1176 351 ³⁷
1191 332 1255 380 qui

835 377 924 415 dam
946 388 1072 419 autem
1094 383 1256 422 dixeru-

833 443 880 469 ex
900 433 968 470 illis
989 447 1067 473 non
1087 444 1236 485 poterat

832 485 892 523 hic
912 489 975 536 qui
996 492 1141 538 aperuit
1161 504 1235 530 ocu

830 539 889 577 lus
909 542 1012 580 caeci
1032 543 1154 582 facere

830 642 870 672 ut
893 609 988 675 halec
1009 651 1088 677 non
1108 652 1215 680 more

829 696 933 727 retur

827 742 854 763 ⁸⁸
868 743 932 781 Ihs
953 757 1044 793 ergo
1064 746 1202 787 fremes
1222 749 1261 786 in

827 798 1034 847 semetipso
1055 802 1158 839 uenit

825 850 874 887 ad
893 863 1187 893 monumentum

823 911 903 941 erat
921 913 1048 943 autem
1070 910 1205 957 spelu-

823 969 870 994 ca
889 966 925 995 et
944 959 1041 1008 lapis
1062 974 1229 1012 superpo

821 1011 912 1048 situs
933 1013 984 1050 illi
1003 1015 1031 1034 ³⁹
1046 1015 1134 1053 dicit
1154 1017 1212 1055 ihs
1232 1019 1284 1057 tol

819 1064 882 1101 lite
902 1065 1065 1115 lapidem

819 1116 920 1155 Dicit
940 1120 973 1157 ei
994 1122 1145 1161 martha
1164 1124 1238 1162 dfie

816 1171 892 1208 iam
914 1172 1003 1211 fetet
1023 1177 1157 1224 quadri

816 1224 934 1262 duum
954 1228 1055 1265 enim
1076 1229 1191 1268 habet

816 1278 845 1298 ‘³⁰
857 1277 959 1316 Dicit
979 1282 1012 1318 ei
1033 1282 1090 1320 ihs
1111 1296 1189 1321 non
1210 1286 1287 1324 dixi

814 1332 880 1368 tibi
901 1334 991 1382 quia
1011 1336 1040 1372 si
1061 1338 1214 1376 credide

812 1386 862 1423 ris
882 1388 1030 1426 uidebis
1052 1391 1181 1429 clarita

812 1446 890 1476 tem
909 1440 948 1478 di
969 1442 995 1462 ⁴¹
1011 1444 1174 1483 tulerunt

811 1505 904 1542 ergo
923 1495 1089 1544 lapidem

810 1547 875 1584 Ihs
896 1556 1022 1587 autem
1047 1552 1187 1591 leuauit

810 1601 947 1640 oculus
967 1615 1057 1642 suos
1082 1617 1144 1643 sur

811 1687 903 1725 Sum
924 1697 960 1727 et
981 1690 1073 1729 dixit
1111 1701 1220 1742 pater

807 1744 945 1790 gratias
965 1756 1039 1793 ago
1060 1747 1124 1783 tibi
1146 1749 1236 1797 quia

806 1796 943 1833 audisti
962 1810 1024 1836 me
1062 1800 1091 1821 ⁴¹²
1103 1808 1140 1838 et
1156 1814 1229 1851 ego

806 1849 974 1888 sciebam
995 1853 1083 1901 quia
1104 1867 1171 1892 sen

805 1915 872 1951 per
892 1916 952 1941 me
973 1907 1082 1944 audis
1102 1909 1169 1945 sed
1189 1921 1288 1960 prop

804 1964 860 1993 ter
879 1959 1029 1996 turbam
1048 1962 1179 1999 circu-

803 2017 966 2049 stantem
989 2014 1067 2051 dixi
1088 2023 1128 2052 ut
1148 2028 1211 2054 cre

801 2063 893 2101 dant
913 2067 1004 2115 quia
1023 2075 1063 2105 tu
1084 2081 1145 2107 me
1165 2071 1218 2108 mi

801 2125 880 2154 sisti

801 2171 829 2191 ‘¹³
841 2171 890 2209 Et
910 2185 998 2211 cum
1020 2174 1115 2214 haec
1137 2177 1294 2217 dixisset

799 2225 978 2264 clamauit
997 2241 1091 2268 uoce
1110 2242 1203 2281 mag

798 2291 848 2316 na
868 2279 991 2319 lazare
1011 2284 1099 2321 ueni
1118 2284 1157 2323 fo

796 2344 857 2369 ras

796 2387 824 2406 '¹⁴¹
840 2386 889 2424 Et
909 2389 997 2426 exiit
1017 2390 1076 2427 ille
1096 2402 1267 2431 mortuus

795 2439 933 2490 ligatus
953 2444 1086 2491 pedest
1105 2459 1125 2483 e
1145 2459 1210 2485 ma

795 2506 866 2531 nus
885 2495 1021 2535 institis
1040 2506 1077 2536 et
1096 2499 1212 2539 facies

799 2548 879 2585 eius
899 2552 1024 2590 orario
1046 2554 1198 2604 conliga

794 2608 832 2638 ta
851 2610 930 2640 erat

794 2654 897 2693 Dicit
916 2657 988 2695 illis
1010 2659 1066 2697 ihs
1087 2668 1123 2698 et
1144 2663 1241 2700 solui

793 2715 830 2746 te
851 2722 939 2748 eum
959 2719 996 2750 et
1016 2714 1127 2753 sinite
1147 2728 1236 2754 eum

792 2763 896 2801 abire

789 2816 822 2836 ⁴¹⁵
837 2816 949 2855 Multi
970 2831 1062 2870 ergo
1081 2834 1128 2859 ex
1149 2823 1269 2863 iudeis

791 2871 857 2920 qui
877 2882 1060 2912 uenerant
1080 2877 1146 2926 qui

790 2934 973 2964 uenerant
992 2928 1041 2966 ad
1061 2941 1125 2968 ma

1767 211 1910 250 JOHA
1918 213 2100 254 NNEM

1396 292 1477 321 Fol.
1494 293 1553 323 69.

1397 333 1511 372 Riam
1531 337 1595 385 qui
1614 338 1789 378 uiderant

1394 399 1492 436 quae
1512 389 1597 427 fecit
1618 391 1676 429 ihs
1731 406 1795 432 cre

1394 441 1570 480 diderunt
1591 445 1629 481 in
1649 458 1738 483 eum

1392 493 1420 514 ⁴⁶
1433 495 1589 543 quidam
1609 506 1803 539 autem'ex

1393 548 1485 596 ipsis
1506 550 1678 589 abierunt
1698 554 1746 590 ad
1767 556 1844 604 pha

1392 602 1512 640 riseos
1532 611 1569 640 et
1590 605 1764 644 dixerunt

1391 655 1443 692 eis
1464 657 1569 705 quod
1589 658 1674 696 fecit
1695 660 1753 697 ihs

1391 718 1484 746 XXII
1494 710 1522 730 ‘¹⁷
1540 710 1775 761 Collegerunl
1789 728 1873 765 ergo

1389 763 1570 813 principis
1590 767 1750 805 sacerdo

1388 824 1469 853 tum
1507 825 1544 855 et
1564 819 1728 868 pharisei
1749 828 1824 860 co-

1386 870 1512 907 cilium
1534 879 1571 909 et
1596 874 1773 912 dicebant

1384 924 1475 973 quid
1495 925 1652 965 facimus
1692 929 1798 978 quod

1384 977 1444 1015 hic
1464 978 1584 1017 homo
1604 982 1691 1019 talia
1712 983 1770 1032 sig

1383 1042 1432 1068 na
1452 1032 1540 1069 facit
1580 1034 1608 1055 ⁴¹⁸
1622 1035 1653 1072 si
1674 1037 1829 1087 relinqui

1382 1096 1467 1123 mus
1488 1086 1593 1124 illum
1615 1089 1668 1127 sic
1690 1102 1754 1127 om

1380 1150 1448 1176 nes
1468 1141 1626 1178 credunt
1646 1143 1683 1180 in
1703 1156 1792 1182 eum

1378 1198 1414 1228 et
1434 1194 1589 1232 uenient
1610 1199 1759 1234 romani

1377 1252 1413 1282 et
1434 1247 1566 1285 tollent
1586 1249 1714 1288 locum
1734 1264 1806 1290 nos

1374 1305 1473 1336 trum
1495 1308 1531 1338 et
1549 1312 1703 1351 gentem

1374 1353 1401 1373 ⁴²⁹
1419 1352 1530 1392 Unus
1550 1364 1677 1395 autern
1698 1371 1745 1396 ex
1766 1359 1856 1409 ipsis

1375 1407 1531 1456 caiphas
1571 1423 1657 1448 cum
1678 1420 1776 1450 esset

1375 1461 1552 1511 princeps
1573 1467 1731 1504 sacerdo

1373 1521 1454 1551 tum
1474 1518 1563 1553 anni
1583 1518 1678 1556 illius
1699 1520 1793 1557 dixit

1372 1568 1426 1605 eis
1446 1581 1518 1608 uos
1538 1573 1693 1611 nescitis
1713 1575 1802 1624 quic

1373 1697 1503 1744 Quam
1523 1701 1552 1721 ⁵⁰
1565 1713 1690 1752 neque
1711 1717 1758 1742 co

1370 1752 1496 1800 gitatis
1515 1755 1606 1803 quia
1626 1758 1777 1806 expedit

1369 1807 1479 1844 uobis
1499 1817 1538 1844 ut
1558 1821 1657 1847 unus
1677 1812 1794 1850 homo

1369 1861 1550 1899 moriatur
1569 1876 1638 1911 pro
1658 1877 1765 1914 popu

1368 1912 1404 1950 lo
1425 1921 1462 1951 et
1482 1927 1561 1954 non
1581 1924 1660 1955 tota
1679 1931 1775 1967 gens

1367 1974 1499 2015 pereat

1366 2020 1393 2040 ⁶¹
1407 2021 1497 2060 Hoc
1518 2030 1646 2062 autem
1667 2028 1829 2078 semetip

1366 2086 1409 2112 so
1430 2087 1508 2113 non
1529 2077 1679 2116 dicebat
1700 2081 1768 2118 sed

1365 2140 1453 2166 cum
1473 2138 1572 2167 esset
1592 2134 1768 2180 pontifex

1363 2184 1453 2220 anni
1475 2184 1570 2222 illius
1590 2187 1737 2236 prophe

1363 2237 1455 2274 tauit
1493 2239 1582 2287 quia
1597 2241 1729 2290 incipit

1361 2289 1419 2327 ihs
1439 2293 1607 2330 moriens
1626 2306 1696 2343 pro
1715 2303 1792 2345 ge-

1358 2349 1395 2381 te
1414 2346 1513 2382 mori
1567 2345 1645 2384 ⁵2et
1665 2361 1744 2386 non

1360 2403 1507 2436 tantum
1527 2412 1596 2448 pro
1618 2410 1732 2450 gente

1360 2451 1427 2488 sed
1447 2459 1488 2490 ut
1508 2453 1605 2492 filius
1625 2455 1664 2492 di
1702 2458 1768 2507 qui

1359 2513 1446 2543 sunt
1467 2507 1624 2556 dispersi
1645 2511 1732 2548 colli

1357 2567 1450 2606 gant
1470 2573 1508 2597 in
1530 2573 1650 2600 unum

1357 2612 1385 2633 ⁵⁸
1398 2612 1458 2650 Ex
1478 2614 1541 2652 illa
1560 2616 1687 2666 itaque
1711 2618 1771 2657 die
1792 2632 1839 2658 co

1355 2668 1569 2714 gitauerunt
1589 2671 1712 2709 iudaei

1356 2727 1395 2756 ut
1414 2721 1670 2762 interficerent

1355 2785 1444 2810 eum
1526 2776 1554 2796 ⁵⁴¹
1566 2777 1624 2814 ihs
1647 2790 1740 2828 ergo

1355 2828 1431 2864 iam
1451 2840 1530 2866 non
1552 2831 1678 2879 palam
1699 2846 1762 2870 am

1354 2881 1533 2920 bulabam
1553 2893 1644 2933 aput
1664 2887 1797 2926 iudeos

1353 2934 1422 2973 sed
1441 2936 1560 2976 habiit
1579 2939 1618 2976 in
1633 2942 1818 2992 regione-

1281 3069 1344 3094 F2

2368 237 2417 273 35

1924 343 2038 382 quta
2057 346 2250 386 desertum

1924 397 1962 433 in
1983 399 2137 437 ciuitate
2175 414 2273 450 quae

1922 450 2056 489 dicitur
2076 454 2229 502 eprhem
2250 463 2287 495 et

1920 504 1972 541 ibi
1992 509 2200 546 morabitur
2220 522 2307 548 cum

1921 557 2114 608 discipulis
2135 563 2209 600 suis

1920 611 1948 632 ⁵⁵
1962 612 2166 662 Propterea
2185 624 2314 655 autem

1918 673 1999 702 erat
2018 669 2161 716 pascha
2182 670 2292 709 iudae

1918 730 2028 756 orum
2067 724 2232 762 ascende

1916 779 2004 810 runt
2024 786 2115 823 ergo
2136 777 2230 815 mult
2249 779 2288 816 in

1915 825 2157 866 iherosolima
2177 830 2224 868 de
2243 843 2283 869 re

1914 879 2029 928 gione
2045 891 2133 920 ante
2153 884 2297 932 pascha

1914 940 1955 970 ut
1975 936 2225 975 sanctificaret
2245 951 2286 977 se

1911 986 2015 1035 ipsos

1909 1038 1937 1061 ³⁶
1950 1041 2172 1088 Querebant
2191 1059 2283 1096 ergo
2303 1047 2383 1086 ihm

1909 1101 1947 1132 et
1968 1096 2299 1146 conloquebantur

1908 1148 1957 1186 ad
1980 1149 2143 1188 inuicem
2163 1153 2202 1190 in
2224 1161 2301 1192 tem

1906 1201 1970 1250 plo
1991 1210 2133 1243 stantes
2153 1214 2189 1243 et
2209 1208 2320 1246 dicen

1906 1263 1963 1293 tes
2004 1259 2143 1305 putatis
2164 1262 2252 1309 quia
2267 1269 2349 1300 no-

1905 1310 2034 1348 ueniet
2051 1311 2100 1349 ad
2116 1313 2217 1350 diem
2237 1315 2292 1352 fes

1903 1370 1986 1400 tum

1904 1417 2137 1457 ⁶⁷Dederant
2159 1428 2288 1459 autem
2306 1424 2397 1473 pri-

1903 1470 2005 1519 cipes
2026 1474 2267 1512 sacerdotum

1902 1530 1939 1561 et
1955 1525 2119 1573 pharisei
2135 1536 2345 1578 preceptu-

1902 1587 1943 1615 ut
1963 1579 1995 1617 si
2015 1580 2100 1630 quis
2117 1585 2346 1631 cognouerit

1900 1707 1978 1746 Ubi
1998 1710 2044 1747 sit
2064 1718 2104 1748 ut
2124 1711 2290 1750 indicent
2311 1721 2346 1752 et

1899 1764 2212 1812 conprehendant
2232 1779 2321 1805 eum

1899 1816 2025 1854 12¹Ihs
2038 1830 2128 1867 ergo
2143 1827 2229 1857 ante
2238 1833 2305 1858 sex
2314 1822 2394 1861 dies

1897 1871 2040 1918 pasche
2060 1873 2163 1910 uenit
2181 1875 2220 1911 in
2241 1874 2317 1913 bhe

1897 1924 2025 1962 thania
2046 1927 2110 1963 ubi
2129 1934 2207 1965 erat
2227 1927 2373 1968 lazarus

1896 1978 1961 2027 qui
1981 1978 2049 2015 suit
2068 1987 2240 2019 mortuus
2261 1990 2364 2033 que*

1896 2032 2091 2070 suscitauit
2112 2034 2170 2072 ihs
2190 2037 2202 2056 ²
2217 2035 2373 2074 feceru-

1895 2097 1989 2134 ergo
2008 2087 2043 2124 ei
2062 2100 2222 2125 caenam
2243 2091 2294 2127 ibi

1892 2145 1931 2176 et
1950 2140 2099 2178 martha
2118 2143 2291 2181 ministra

1892 2193 1957 2230 bat
1976 2200 2013 2230 et
2032 2194 2178 2233 lazarus
2200 2209 2298 2236 unus

1891 2254 1971 2284 erat
1991 2260 2037 2286 ex
2059 2249 2273 2288 discunben

1891 2300 1991 2338 tibus
2012 2314 2100 2339 cum
2121 2316 2167 2341 eo

1889 2354 1902 2374 ⁸
1915 2353 2040 2393 Maria
2060 2369 2152 2406 ergo
2171 2358 2322 2408 adcepit

1889 2407 2023 2446 libram
2045 2413 2228 2459 unguenti
2248 2413 2307 2462 pis

1889 2462 1952 2499 tici
1990 2470 2026 2500 et
2046 2466 2154 2501 unxit
2173 2467 2292 2515 pedes

1887 2515 1953 2552 ihu
1973 2524 2008 2553 et
2028 2519 2181 2556 extersit
2201 2521 2300 2569 capil

1885 2569 1930 2607 lis
1951 2571 2027 2608 suis
2048 2572 2165 2620 pedes
2185 2574 2264 2611 eius
2284 2581 2322 2613 et

1885 2623 2024 2661 domus
2044 2625 2186 2675 inpleta
2205 2635 2262 2665 est

1884 2689 1932 2714 ex
1953 2678 2068 2716 odere
2088 2691 2246 2729 unguen

1883 2731 1910 2767 ti
2073 2733 2086 2753 ⁴¹
2100 2743 2136 2771 et
2156 2735 2245 2773 dicit

1883 2796 1981 2822 unus
2001 2798 2049 2823 ex
2070 2787 2264 2837 discipulis
2283 2791 2364 2829 eius

1883 2838 1992 2876 iudas
2013 2840 2138 2879 simon
2159 2844 2326 2882 scarioht

1882 2893 1947 2942 qui
1967 2893 2168 2944 incipiebat
2187 2909 2276 2935 eum

1882 2947 2028 2986 tradere
2084 2950 2098 2971 ⁵
2110 2961 2226 3000 quare
