2504 3382
297 203 357 229 xv.
379 203 501 229 2—xV1.
523 188 592 245 14.]
650 191 1060 234 EUANGELIUM
1085 197 1195 238 SEC

298 276 380 307 1¹01.
397 277 456 309 76.

297 317 415 357 Gabit
434 328 523 356 eum
543 327 584 357 ut
603 320 684 359 fruc

296 378 377 409 tum
398 370 601 422 plurimum
623 374 709 413 adse

295 432 352 462 rat
445 425 538 464 ³iam
559 439 630 466 uos
648 437 744 466 mu-

296 479 334 515 di
355 480 444 518 estis
463 489 620 530 propter
639 494 699 520 ser

295 543 453 571 monem
473 546 587 583 quem
608 535 694 572 locu

293 592 353 623 tus
373 599 457 625 sum
478 588 588 625 uobis
608 589 740 627 4mane

293 645 329 676 te
349 640 388 678 in
403 653 466 679 me
482 648 517 679 et
532 654 605 690 ego
622 643 659 680 in
675 644 787 681 uobis

294 693 397 731 Sicut
412 696 557 743 palmes
570 707 648 733 non
659 705 785 746 potest

292 746 390 785 ferre
412 749 574 786 fructum
595 751 643 787 ab
664 762 704 787 se

290 801 359 838 nisi
380 803 560 840 manserit
581 804 619 840 in
639 804 738 841 uitae

290 854 343 892 sic
365 861 400 891 et
421 856 487 905 qui
506 857 545 893 in
565 869 626 895 me
647 869 728 895 non

289 915 418 945 manet

287 959 392 1010 ⁵Ego
414 974 497 999 sum
517 964 603 1001 uitis
623 970 660 1001 et
679 976 751 1002 uos

287 1015 462 1063 palmites
483 1017 546 1066 qui
566 1025 695 1055 manet
715 1019 753 1055 in

286 1080 347 1104 me
385 1076 421 1106 et
442 1081 515 1118 ego
535 1071 574 1107 in
594 1071 658 1107 illo
678 1071 739 1109 hic

285 1121 428 1159 adferet
448 1123 611 1161 fructum
633 1136 680 1162 co

283 1175 436 1223 piosum
529 1178 617 1226 quia
637 1178 667 1215 si

283 1240 331 1265 ne
351 1241 413 1266 me
434 1228 527 1266 nihil
547 1232 706 1279 potestis
726 1231 764 1269 fa

282 1293 367 1319 cere
423 1281 472 1320 ⁶si
492 1285 576 1333 quis
596 1284 635 1321 in
655 1296 717 1322 me

672 1335 773 1390 [no-

279 1390 462 1428 manserit
480 1391 651 1439 precisus
671 1399 727 1429 est

279 1442 375 1480 sieut
394 1443 540 1492 palmes
561 1453 597 1482 et
616 1446 755 1484 missus

278 1502 335 1533 est
354 1496 456 1534 foras
476 1504 512 1535 et
532 1499 628 1535 aruit
651 1506 688 1537 et
712 1501 772 1538 col

277 1549 395 1598 ligent
415 1562 483 1588 eos
502 1557 539 1589 et
558 1552 598 1589 in
617 1553 707 1602 igne

277 1604 432 1641 mittunt
452 1611 488 1642 et
508 1605 643 1643 ardent

275 1689 336 1726 ⁷Si
356 1692 569 1730 manseritis
589 1693 627 1730 in
648 1706 710 1732 me

273 1751 309 1780 et
330 1745 447 1782 uerba
467 1757 552 1783 mea
573 1747 610 1783 in
631 1759 683 1784 uo

273 1797 331 1835 bis
351 1800 557 1836 manserim
596 1801 702 1850 quod

272 1862 437 1900 cumque
456 1852 652 1892 uolueritis

270 1906 385 1953 petite
405 1912 442 1942 et
462 1906 525 1943 fiet
545 1909 656 1946 uobis
677 1909 734 1947 8in

270 1958 345 1996 hoc
365 1958 590 1998 clarificatus
611 1969 668 1999 est

268 2019 375 2061 pater
394 2024 504 2050 meus
541 2021 582 2051 ut
602 2015 682 2053 fruc

267 2072 349 2102 tum
369 2067 576 2115 plurimum
596 2068 694 2107 facia

266 2119 314 2156 tis
333 2126 370 2156 et
389 2120 594 2159 efficiamin
613 2124 690 2161 mei

266 2172 440 2222 discipuli

265 2225 393 2264 ⁹Sicut
413 2227 544 2265 dilexit
567 2241 630 2266 me
654 2236 763 2279 pater

264 2287 302 2317 et
320 2292 393 2330 ego
412 2293 484 2318 uos
504 2282 618 2320 dilexi
656 2295 721 2321 ma

264 2340 350 2371 nete
370 2335 409 2371 in
429 2335 642 2374 delectione

263 2398 351 2424 mea
388 2387 454 2425 ¹⁰si
475 2397 657 2439 precepta
673 2403 759 2429 mea

263 2442 500 2480 seruaueritis
521 2455 635 2481 mane

261 2493 349 2531 bitis
368 2495 407 2531 in
427 2495 667 2535 dilectionem

262 2558 348 2584 mea
386 2549 482 2586 sicut
502 2557 538 2587 et
559 2562 633 2599 ego
652 2563 703 2600 pa

262 2601 327 2638 tris
347 2611 528 2651 precepta
548 2606 696 2642 seruabi

261 2660 298 2691 et
317 2666 456 2693 maneo
477 2657 515 2694 in
535 2658 616 2695 eius
637 2658 675 2696 di

258 2707 462 2746 lectionem

259 2760 406 2800 1¹Haec
426 2763 574 2801 locutus
595 2776 680 2802 sum
701 2778 751 2804 uo

257 2815 315 2852 bis
334 2823 374 2852 ut
393 2818 577 2865 gaudium
597 2827 719 2857 meu*

256 2868 295 2905 in
310 2871 420 2908 uobis
436 2872 482 2908 sit
519 2879 557 2909 et
576 2874 750 2921 gaudiu-

256 2929 426 2961 uestrum
446 2925 635 2974 inpleatur

826 323 951 362 ¹²Hoc
971 331 1027 363 est
1047 335 1268 376 preceptum

825 389 954 415 meum
975 385 1015 416 ut
1035 380 1198 429 diligatis

825 431 989 469 inuicem
1011 445 1086 482 qua
1105 434 1202 472 dilec

824 485 927 522 tione
948 486 1058 523 dilexi
1079 499 1149 525 uos
1169 488 1266 526 ¹³ma

823 538 902 576 iore
922 539 992 576 hac
1013 540 1213 579 dilectione

823 604 938 629 nemo
959 593 1072 631 habet
1092 601 1133 631 ut
1152 595 1215 631 ani

821 657 924 682 mam
944 658 1050 684 suam
1071 659 1141 696 pro
1161 649 1237 685 ami

821 699 874 735 cis
894 699 970 736 suis
989 708 1107 748 ponat

820 751 937 789 ¹⁴Uos
957 754 1069 791 amici
1085 754 1160 792 mei
1175 756 1265 794 estis
1281 757 1312 794 si

819 804 979 843 feceritis
1000 819 1097 856 quae
1117 821 1190 857 ego

817 860 986 908 precipio
1007 862 1117 900 uobis
1138 862 1248 900 1⁵iam

817 924 897 950 non
918 914 1004 951 dico
1023 927 1095 953 uos
1115 928 1248 955 seruos

816 967 906 1015 quia
926 979 1056 1006 seruus
1077 971 1198 1008 nescit

815 1020 907 1069 quid
927 1020 1015 1059 facit
1036 1023 1120 1060 dms
1140 1024 1220 1062 eius

814 1085 885 1110 uos
905 1081 1031 1112 autern
1052 1077 1128 1113 dixi
1148 1079 1223 1115 ami

815 1139 882 1164 cus
922 1129 1011 1176 quia
1031 1131 1160 1168 omnia
1180 1144 1255 1181 que

813 1192 978 1230 cumque
1000 1184 1128 1220 audiui
1149 1197 1170 1221 a
1191 1198 1241 1234 pa

812 1240 868 1270 tre
887 1246 975 1271 ineo
995 1243 1128 1274 notam
1148 1238 1220 1276 feci

811 1288 924 1325 uobis

810 1339 881 1377 16Ν
884 1353 936 1378 on
954 1354 1025 1380 uos
1047 1355 1107 1381 me
1127 1344 1292 1394 elegistis

810 1395 877 1431 sed
897 1407 971 1444 ego
992 1396 1089 1446 elegi
1108 1410 1179 1435 uos
1200 1406 1237 1436 et

809 1450 920 1496 posui
942 1462 1011 1488 uos
1031 1458 1071 1488 ut
1092 1453 1184 1490 eatis
1205 1460 1241 1491 et

809 1502 1040 1541 fructificetis
1061 1513 1097 1542 et
1116 1506 1197 1544 fruc

808 1562 867 1592 tus
887 1564 1012 1595 uester
1031 1567 1184 1597 maneat

806 1694 858 1732 Ut
879 1697 1152 1749 quodcumque

803 1749 985 1798 petieritis
1005 1764 1027 1789 a
1046 1760 1153 1802 patre
1173 1754 1212 1791 in

804 1804 962 1842 nomine
981 1817 1070 1843 meo
1090 1807 1152 1844 det

803 1858 913 1894 uobis

802 1909 828 1929 ¹⁷
838 1910 946 1949 Haec
965 1913 1108 1950 mando
1127 1916 1237 1953 uobis
1258 1924 1297 1954 ut

802 1963 963 2013 diligatis
983 1967 1147 2005 inuicem
1168 1969 1232 2007 1831

800 2019 968 2056 mundus
988 2032 1058 2057 uos
1079 2022 1159 2059 odit
1180 2024 1232 2060 sci

798 2077 876 2108 tote
897 2073 986 2121 quia
1006 2086 1067 2112 me
1088 2076 1246 2123 priore*-

798 2125 888 2163 odio
909 2125 1041 2165 habuit
1078 2128 1144 2166 ¹⁰si
1165 2130 1212 2167 de

1178 2181 1262 2235 [mu

797 2232 847 2269 do
867 2232 1030 2272 fuissetis
1049 2237 1216 2275 mundus

795 2287 900 2334 quod
922 2299 1033 2325 suum
1053 2297 1133 2327 erat
1153 2292 1192 2328 di

793 2338 923 2388 ligeret
960 2342 1050 2391 quia
1068 2351 1196 2382 autem

794 2404 874 2430 non
893 2395 983 2432 estis
1004 2395 1051 2434 de
1071 2397 1144 2435 hoc
1164 2406 1257 2436 mu*

793 2446 845 2484 do
865 2447 933 2485 sed
952 2460 1027 2497 ego
1047 2450 1143 2499 elegi
1163 2464 1234 2490 uos

792 2499 840 2537 de
860 2502 1005 2540 mundo
1025 2512 1224 2554 propterea

791 2554 871 2591 odit
891 2567 960 2592 uos
980 2558 1147 2596 mundus

788 2605 1063 2648 ²⁰Mementote
1083 2624 1210 2651 sermo

789 2672 857 2699 nes
877 2674 992 2711 quem
1012 2676 1085 2713 ego
1108 2666 1184 2703 dixi

788 2716 899 2752 uobis
919 2729 999 2754 non
1019 2727 1075 2756 est
1096 2732 1228 2759 seruus

787 2769 910 2806 maior
930 2771 1008 2808 dfio
1027 2784 1098 2810 suo
1118 2774 1149 2810 si
1169 2786 1230 2813 me

787 2825 975 2871 persecuti
995 2834 1082 2863 sunt
1101 2834 1138 2864 et
1158 2840 1229 2867 uos

785 2886 1062 2927 persequentur
1099 2881 1129 2918 si
1149 2893 1209 2919 ser

784 2941 941 2968 monem
960 2944 1091 2970 meum
1112 2946 1172 2972 ser

783 2992 969 3022 uauerunt
990 2993 1026 3024 et
1046 2995 1206 3026 uestru-

1771 206 1914 246 IOHA
1922 208 2110 248 NNEM

1388 288 1468 317 Fol.
1486 291 1543 321 77.

1388 332 1593 369 seruabunt

1391 383 1597 423 ²¹Sedhaec
1611 387 1741 425 omnia
1753 388 1880 427 faciu-

1385 438 1486 475 circa
1505 450 1577 476 uos
1596 448 1753 489 propter
1772 454 1824 480 no

1385 503 1473 528 men
1493 503 1623 530 meum
1665 496 1752 544 quia

1383 545 1555 582 nesciunt
1576 558 1664 584 eum
1704 549 1769 598 qui

1382 609 1444 634 me
1464 599 1565 636 misit
1602 598 1666 637 ²²si
1688 614 1767 638 non
1786 614 1834 640 ue

1382 652 1523 689 nissem
1543 660 1579 690 et
1598 653 1748 692 locutus

1381 705 1435 742 eis
1454 705 1609 743 fuissem
1629 714 1821 756 peccatu-

1381 770 1460 795 non
1479 759 1660 798 haberent
1699 775 1801 800 nunc

1380 819 1506 850 autem
1528 816 1802 853 excusatione-

1380 878 1459 903 non
1480 867 1622 904 habent
1643 869 1689 907 de
1713 877 1873 919 peccato

1379 920 1405 940 ²³
1415 919 1492 966 Qui
1505 933 1566 958 me
1583 923 1662 959 odit
1675 931 1711 960 et
1725 930 1873 972 patrem

1378 985 1507 1010 meum
1527 975 1607 1012 odit
1646 977 1711 1013 ²⁴si
1731 989 1805 1026 ope

1379 1039 1420 1064 ra
1439 1039 1518 1064 non
1539 1029 1609 1066 feci
1629 1030 1667 1066 in
1687 1031 1756 1068 illis
1776 1043 1851 1081 que

1378 1092 1493 1118 nemo
1514 1082 1608 1120 alius
1628 1083 1715 1121 fecit
1735 1097 1805 1133 pec

1378 1141 1504 1171 catum
1525 1148 1603 1173 non
1624 1136 1764 1175 habent

1376 1200 1478 1225 nunc
1498 1197 1628 1227 autem
1648 1198 1684 1228 et
1704 1192 1789 1229 uide

1376 1249 1462 1278 runt
1482 1249 1518 1279 et
1538 1244 1699 1281 oderunt
1719 1258 1779 1283 me

1375 1301 1411 1332 et
1431 1303 1577 1344 patrem
1597 1310 1728 1336 meum
1749 1299 1852 1338 ²⁵sed

1374 1355 1413 1384 ut
1434 1350 1622 1398 inpleatur
1641 1364 1766 1390 sermo

1373 1403 1439 1452 qui
1459 1404 1497 1439 in
1517 1404 1599 1453 lege
1615 1418 1748 1443 eorum
1769 1408 1868 1457 scrip

1373 1462 1453 1492 tum
1473 1464 1529 1495 est
1603 1461 1692 1508 quia
1712 1460 1802 1498 odio

1373 1509 1586 1548 habuerunt
1606 1525 1667 1550 me
1686 1515 1803 1563 gratis

1372 1563 1397 1584 ²⁶
1407 1563 1506 1601 Cum
1527 1577 1620 1614 ergo
1636 1569 1782 1606 uenerit
1802 1581 1853 1618 pa

1370 1702 1542 1742 Raclitus
1580 1718 1696 1755 quem
1716 1720 1736 1745 e

1368 1769 1418 1805 go
1439 1758 1548 1796 mitto
1568 1761 1679 1799 uobis
1699 1774 1721 1799 a
1741 1774 1791 1812 pa

1367 1818 1421 1848 tre
1441 1824 1530 1849 meo
1551 1817 1636 1861 spm
1656 1816 1737 1852 ueri

1367 1865 1451 1901 tatis
1490 1867 1554 1915 qui
1575 1879 1597 1904 a
1616 1876 1724 1916 patre
1743 1881 1814 1919 pro

1366 1918 1463 1955 cedit
1483 1919 1542 1957 ille
1563 1922 1755 1959 testimoni

1366 1984 1430 2009 um
1450 1974 1663 2022 perhibebit
1683 1976 1731 2014 de
1750 1989 1812 2015 me

1364 2024 1434 2063 ²⁷et
1454 2039 1525 2064 uos
1545 2029 1807 2068 testimonium

1364 2080 1610 2128 perhibebitis
1631 2083 1678 2121 de
1696 2095 1759 2121 me

1363 2133 1427 2182 qui
1446 2135 1495 2172 ab
1515 2135 1621 2174 initio
1641 2149 1792 2175 mecum

1362 2187 1451 2224 estis

1362 2241 1855 2284 xxx1e¹Haecl0cutussum

1360 2294 1418 2332 bis
1434 2302 1474 2332 ut
1489 2307 1569 2333 non
1585 2298 1755 2336 scandali
1792 2297 1856 2352 [uo

1359 2349 1496 2386 zemini
1517 2351 1642 2388 ²extra
1661 2364 1758 2401 syna

1357 2413 1500 2451 gogam
1520 2404 1689 2442 fecerunt

1357 2467 1428 2493 uos
1501 2458 1569 2495 sed
1588 2460 1691 2496 uenit
1711 2459 1762 2498 ho

1356 2521 1396 2546 ra
1415 2516 1456 2547 ut
1476 2513 1602 2550 omnis
1622 2514 1685 2563 qui
1706 2514 1744 2552 in

1355 2562 1540 2602 terfecerit
1558 2578 1630 2604 uos
1649 2580 1690 2604 ar

1354 2617 1510 2654 bitetrur
1529 2631 1568 2656 se
1589 2621 1751 2670 obsequi

1353 2682 1417 2707 um
1437 2670 1489 2709 do
1531 2681 1722 2721 praestare

1351 2723 1449 2761 ³Sed
1469 2725 1564 2763 haec
1584 2727 1722 2765 facient
1741 2741 1793 2767 uo

1351 2777 1408 2814 bis
1429 2779 1517 2827 quia
1536 2792 1616 2817 non
1635 2793 1739 2820 noue

1349 2838 1435 2868 runt
1455 2840 1604 2881 patrem
1623 2847 1749 2885 neque

1349 2897 1409 2922 me
1466 2887 1579 2925 ⁴¹haec
1599 2896 1728 2926 autem

1347 2937 1495 2977 locutus
1517 2952 1601 2979 sum
1622 2944 1734 2981 uobis

2359 230 2410 265 39

1914 336 1968 375 Ut
1988 350 2076 376 curn
2095 342 2238 379 uenerit
2258 342 2309 381 ho

1914 403 1955 428 ra
1974 393 2267 433 reminiscamini

1911 456 2045 482 eorum
2065 448 2155 496 quia
2174 461 2248 498 ego
2269 450 2306 488 di

1911 499 1949 535 xi
1969 500 2080 537 uobis
2118 501 2211 540 haec
2232 511 2352 541 aute-

1910 553 2021 590 uobis
2041 555 2089 591 ab
2108 555 2216 594 initio
2236 570 2316 595 non

1910 605 1986 642 dixi
2006 608 2205 647 uobiscum
2227 612 2316 661 quia

1909 671 2013 697 eram

1907 712 2043 751 5Νυηο
2064 722 2192 753 autern
2211 718 2314 756 uado
2334 718 2383 757 ad

1908 778 1997 803 eum
2016 769 2081 816 qui
2102 770 2202 806 misit
2222 783 2283 809 me

1908 827 1945 856 et
1966 832 2080 858 nemo
2101 834 2148 859 ex
2168 825 2279 862 uobis
2299 827 2338 863 in

1907 880 2075 923 terrogat
2094 888 2154 913 me
2175 889 2253 926 quo
2272 891 2321 916 ua

1908 927 1966 964 dis
2003 929 2090 966 6sed
2110 930 2199 980 quia
2218 931 2311 971 haec
2331 933 2370 971 lo

1907 987 2018 1020 cutus
2038 994 2121 1020 sum
2142 985 2252 1022 uobis
2272 987 2336 1024 tris

1906 1035 1956 1071 tia
1977 1035 2135 1084 inpleuit
2154 1049 2220 1075 cor
2240 1051 2308 1078 ues

1906 1095 2007 1125 trum
2063 1089 2150 1128 ⁷sed
2170 1105 2244 1141 ego
2264 1106 2313 1132 ue

1905 1143 2054 1180 ritatem
2075 1144 2161 1182 dico
2182 1148 2293 1185 uobis

1904 1197 2057 1244 expedit
2076 1199 2186 1237 uobis
2205 1208 2245 1237 ut
2266 1213 2340 1250 ego

1904 1250 2044 1287 uadam
2064 1252 2130 1289 sed
2151 1265 2229 1290 non
2250 1255 2334 1293 abie

1904 1314 1947 1340 ro
1967 1316 2042 1352 ego
2062 1307 2266 1353 paraclitus

1903 1368 1981 1394 non
2004 1359 2129 1396 ueniet
2149 1361 2197 1397 ad
2218 1373 2290 1399 uos

1903 1410 1932 1446 si
1953 1418 2080 1449 autem
2100 1412 2258 1452 habiero

1901 1464 2050 1502 mittam
2071 1479 2158 1504 eum
2179 1468 2228 1505 ad
2247 1481 2319 1506 uos

1901 1517 1957 1554 8et
1977 1531 2064 1556 cum
2085 1520 2280 1559 aduenerit

1900 1571 1961 1610 ille
1980 1581 2113 1622 arguet
2133 1576 2312 1614 mundu—

1900 1711 1959 1750 De
1979 1721 2140 1762 peccato
2160 1722 2196 1753 et
2217 1716 2264 1755 de
2283 1717 2369 1756 iusti

1898 1766 1949 1804 tia
1969 1774 2005 1804 et
2025 1768 2072 1805 de
2092 1769 2233 1807 iudicio
2271 1771 2338 1809 ⁹de

1895 1828 2058 1869 peccato
2079 1823 2234 1872 quidem
2255 1826 2345 1874 quia

1895 1886 1974 1910 non
1994 1876 2154 1913 credunt
2173 1878 2212 1914 in
2232 1890 2294 1916 me

1894 1927 1975 1965 ¹⁰de
1996 1929 2132 1967 iustitia
2151 1942 2245 1969 uero
2283 1933 2372 1982 quia

1894 1982 1942 2018 ad
1956 1990 2105 2031 patrem
2118 1985 2220 2022 uado
2259 1993 2296 2023 et
2309 1987 2372 2024 ia*

1893 2046 1972 2072 non
1993 2036 2168 2075 uidebitis
2187 2050 2250 2076 me
2289 2039 2370 2078 1¹de

1892 2088 2030 2127 iudicio
2051 2098 2179 2128 autem
2199 2093 2289 2142 quia

1891 2143 2068 2192 princeps
2088 2144 2198 2183 huius
2218 2158 2311 2184 mun

1891 2196 1928 2232 di
1948 2197 2157 2236 iudicatum
2177 2206 2234 2237 est

1890 2249 2062 2289 ¹²Adhuc
2084 2253 2202 2290 multa
2221 2253 2346 2292 habeo

1888 2305 1999 2342 uobis
2020 2304 2143 2343 dicere
2165 2307 2231 2344 sed
2250 2317 2332 2345 no-

1887 2359 2047 2406 potestis
2066 2359 2127 2397 illa
2147 2361 2266 2398 modo

1887 2419 2039 2460 portare
2094 2413 2216 2451 13cum
2235 2415 2331 2453 eni-

1886 2466 2031 2502 uenerit
2050 2466 2109 2503 ille
2130 2470 2195 2516 sps
2214 2470 2295 2507 ueri

1885 2520 1970 2556 tatis
1990 2519 2152 2558 deducet
2172 2533 2242 2559 uos
2262 2523 2301 2560 in

1883 2573 1990 2609 omni
2009 2575 2167 2612 ueritate
2187 2587 2268 2613 non

1881 2627 1984 2663 enirn
2004 2627 2171 2677 loquitur
2189 2641 2213 2666 a
2232 2642 2273 2668 se

1881 2680 2046 2729 metipso

1882 2732 1957 2771 Sed
1979 2735 2211 2785 quicumque
2231 2737 2344 2776 audie

1879 2787 1926 2823 rit
1945 2786 2112 2837 loquitur
2130 2801 2205 2838 que
2225 2799 2308 2828 ue*

1878 2847 1963 2879 tura
1982 2849 2069 2879 sunt
2090 2843 2275 2883 adnuntia

1877 2895 1932 2931 uit
1951 2896 2063 2934 uobis
2082 2895 2178 2935 uine
2199 2910 2260 2936 me
2281 2898 2341 2937 cla

1876 2948 2034 2986 rificauit
2054 2951 2144 3000 quia
2164 2951 2211 2989 de
2230 2964 2319 2990 meo
