2504 3382
276 214 310 238 v.
336 194 550 250 25-V1.17.]
605 195 1022 237 EUANGELIUM
1051 195 1163 236 SEC

275 286 358 317 Fol.
376 287 432 317 53.

274 330 377 376 Quia
389 328 493 366 uenit
552 333 589 364 et
602 339 704 365 nunc
715 333 770 365 est

273 382 430 433 quando
450 376 590 419 mortui
610 381 698 418 audi

271 443 336 474 ent
355 447 493 473 uocem
514 435 565 472 fili
585 434 624 471 di
679 441 717 473 et

273 491 336 539 qui
357 490 543 526 audierint
564 489 695 526 uiuent

273 544 404 581 2⁶sicut
417 544 519 579 enim
535 549 641 592 pater
656 542 771 580 habet

271 598 391 635 uitam
413 598 451 633 in
471 597 675 645 semetipso

271 652 324 688 sie
343 651 446 688 dedit
465 657 501 687 et
522 651 598 687 filio
619 651 718 687 habe

271 717 311 742 re
330 705 449 741 uitam
470 705 509 741 in
530 704 690 752 semetip

271 770 315 796 so
425 757 495 795 2”61
514 764 741 806 potestatem

273 812 374 849 dedit
394 812 428 848 ei
447 811 629 849 iudicium
650 811 687 848 fa

271 878 358 903 cere
379 866 468 914 quia
489 866 583 902 filius
603 864 709 901 homi

270 920 330 956 nis
349 926 406 956 est
569 918 654 955 dico
675 918 769 955 eni-

268 973 378 1010 uobis
396 972 549 1009 ”nolite
569 972 696 1009 mirari

270 1027 308 1063 in
331 1026 404 1063 hoc
425 1027 514 1074 quia
534 1026 638 1062 uenit
659 1025 754 1062 hora

268 1081 305 1117 in
327 1092 402 1128 qua
421 1091 556 1117 omnes
577 1079 641 1128 qui
661 1079 700 1115 in

269 1133 531 1171 monumentis
551 1139 640 1169 sunt

268 1187 423 1224 audient
443 1197 580 1223 uocem
600 1186 680 1222 eius

266 1241 337 1278 ²⁹et
356 1239 567 1289 procedunt
587 1240 651 1288 qui
670 1239 721 1276 bo

266 1306 318 1333 na
337 1293 506 1331 fecerunt
525 1293 565 1329 in
584 1304 690 1329 resur

267 1348 434 1386 rectione
454 1347 552 1384 uitae
627 1345 693 1396 qui

265 1401 366 1439 male
387 1408 546 1450 egerunt
564 1400 604 1436 in
623 1412 664 1438 re

266 1456 543 1493 surrectionem
563 1454 642 1491 iudi

267 1510 315 1548 eii

267 1563 296 1586 ³⁰
303 1563 395 1601 Non
407 1563 510 1601 enim
522 1572 681 1611 possum
689 1573 763 1611 ego

267 1650 304 1687 A
323 1650 487 1699 metipso
507 1648 629 1686 facere

267 1704 470 1754 quicquam
491 1703 586 1740 sicut
606 1701 701 1739 eni-

267 1757 382 1795 audio
403 1757 530 1794 iudico
551 1763 587 1793 et
607 1756 646 1792 iu

264 1811 408 1849 dicium
429 1822 559 1848 meum
578 1810 709 1847 iustu-

265 1872 324 1903 est
485 1864 574 1913 quia
594 1875 673 1901 non

266 1931 387 1970 quero
407 1918 637 1956 uoluntate·-

264 1985 391 2010 meam
412 1972 479 2010 sed
499 1971 620 2009 uolun

266 2033 342 2064 tate
363 2027 443 2064 eius
464 2026 529 2077 qui
549 2037 611 2063 me
632 2024 733 2064 misit

264 2081 382 2130 patris

267 2134 343 2172 ³1Si
363 2146 456 2183 ergo
476 2133 736 2171 testimonium

265 2188 449 2238 perhibeo
469 2188 516 2224 de
541 2199 603 2224 me
625 2188 664 2236 ip

264 2255 308 2280 so
328 2242 588 2280 testimonium
608 2253 671 2278 me

263 2308 329 2333 um
350 2308 428 2334 non
448 2303 506 2333 est
525 2307 657 2332 uerum

263 2350 392 2388 ⁸²alter
412 2356 469 2388 est
489 2349 555 2398 qui
574 2349 727 2386 testimo

263 2404 369 2440 nium
389 2402 562 2452 perhibet
581 2403 629 2440 de
649 2413 711 2440 me

262 2457 382 2494 ³³Uos
394 2457 465 2506 ipsi
479 2457 632 2494 misistis
645 2456 762 2494 adme

262 2518 300 2548 et
319 2510 580 2547 testimonium
599 2522 668 2559 per

261 2564 382 2602 hibuit
401 2563 588 2602 iohannes
608 2563 655 2600 de

261 2630 324 2656 me
488 2617 597 2666 ³⁴ego
617 2623 735 2655 aute-

262 2684 342 2710 non
362 2671 411 2709 ab
431 2670 588 2709 homine
608 2678 665 2708 tes

260 2725 465 2764 timonium
485 2725 634 2775 adcipio

261 2779 329 2817 sed
348 2779 443 2816 haec
463 2779 551 2817 dico
572 2786 611 2816 ut
632 2790 704 2816 uos

260 2833 357 2871 salui
378 2833 458 2871 sitis

259 2887 363 2926 ⁸⁵111e
371 2886 758 2926 eratlucernaardens

804 327 854 365 Et
874 327 973 365 lucet
992 327 1122 365 lucens
1143 338 1215 364 uos

804 389 933 419 autem
952 381 1122 419 uoluistis
1141 380 1190 418 ad

805 435 940 472 horam
960 434 1131 472 exultare
1151 434 1191 470 in

805 489 888 526 luce
909 489 989 526 eius
1009 488 1117 536 ³⁶ego
1139 494 1267 525 autem

804 542 928 580 habeo
949 541 1208 579 testimonium

804 597 927 633 maius
948 595 1113 633 iohanne

805 649 936 698 Opera
956 650 1058 686 enim
1113 660 1210 697 quae
1227 647 1274 685 de

805 704 856 740 dit
876 703 968 739 mihi
988 709 1095 751 pater
1114 708 1155 739 ut
1175 714 1243 750 per

802 757 927 794 ficiam
949 768 993 794 ea
1013 756 1095 805 ipsa
1114 767 1231 805 opera

803 810 1062 848 testimonium
1082 822 1149 858 per

803 864 935 901 hibent
956 864 1002 902 de
1022 876 1083 900 me
1104 864 1194 913 quia

803 924 910 967 pater
928 929 991 955 me
1006 918 1106 954 misit
1175 917 1248 955 ³⁷et

803 972 867 1020 qui
886 983 948 1009 me
968 971 1068 1008 misit
1088 976 1194 1020 pater
1212 970 1238 1007 il

801 1025 835 1062 16
856 1025 1114 1062 testimonium
1134 1037 1202 1074 per

802 1078 905 1116 hibet
925 1091 987 1116 me
1007 1090 1130 1127 neque
1150 1090 1201 1117 uo

802 1144 887 1170 cem
907 1133 987 1169 eius
1007 1144 1191 1181 umquam

801 1185 955 1222 audistis
976 1197 1102 1234 neque
1123 1185 1201 1233 figu

800 1251 881 1276 ram
904 1240 983 1276 eius
1003 1239 1148 1276 uidistis
1169 1239 1242 1276 sset

798 1293 961 1330 uerbum
981 1293 1061 1330 eius
1085 1304 1164 1330 non
1184 1304 1234 1330 au

801 1347 887 1384 ditis
908 1347 947 1383 in
967 1345 1078 1384 uobis
1098 1357 1239 1383 manen

798 1406 877 1437 tem
1020 1400 1108 1449 quia
1129 1411 1246 1450 quem

797 1454 899 1491 misit
919 1454 981 1491 ille
1000 1454 1087 1491 huic
1108 1465 1180 1492 uos

799 1520 879 1545 non
899 1508 1048 1545 creditis
1068 1508 1231 1546 ³⁹scruta

798 1562 892 1599 mini
913 1562 1111 1612 scripturas
1131 1562 1171 1599 in

801 1647 954 1695 Quibus
974 1659 1045 1686 uos
1065 1648 1205 1698 putatis
1222 1647 1261 1686 ui

800 1707 879 1739 tam
900 1709 1071 1740 eternam
1091 1701 1190 1741 habe

801 1768 841 1794 re
861 1763 897 1793 et
917 1756 1002 1793 illae
1023 1763 1110 1793 sunt

800 1810 1061 1848 testimonium
1082 1809 1190 1859 perhi

800 1864 864 1901 bet
883 1865 930 1901 de
949 1876 1011 1901 me
1032 1864 1070 1900 in
1091 1865 1228 1913 quibus

801 1918 942 1966 putatis
962 1930 1035 1955 uos
1055 1918 1173 1955 uitam
1195 1918 1243 1955 ha

799 1972 890 2009 bere
968 1971 1041 2009 ω61
1061 1983 1141 2009 11011
1157 1972 1270 2010 uultis

798 2025 847 2062 ad
867 2038 928 2063 me
947 2026 1078 2063 uenire
1097 2031 1139 2063 ut
1159 2026 1266 2064 uita-

798 2079 970 2117 habeatis
1025 2080 1051 2101 ⁴¹
1061 2080 1224 2129 gloriam

798 2134 847 2170 ab
867 2133 1087 2171 hominibus
1107 2145 1188 2171 non

799 2187 948 2236 adcipio
969 2185 1071 2224 42sed
1091 2187 1256 2237 eognoui

797 2252 868 2279 uos
888 2241 975 2290 quia
995 2241 1229 2279 (1611611006-

798 2294 837 2331 di
857 2306 936 2332 non
957 2295 1106 2333 habetis
1127 2295 1166 2332 in
1186 2307 1236 2333 uo

796 2349 854 2386 bis
868 2349 958 2398 ipsis
1072 2348 1181 2398 ⁴⁸ego
1194 2361 1242 2388 ue

797 2402 836 2438 ni
857 2403 895 2440 in
916 2403 1073 2440 nomine
1094 2403 1210 2452 patris

796 2456 872 2493 mei
892 2463 928 2494 et
949 2468 1028 2494 non
1049 2457 1200 2506 accepis

796 2510 843 2547 tis
863 2510 893 2548 si
913 2510 1006 2548 alius
1025 2512 1171 2549 uenerit
1191 2511 1230 2548 in

795 2564 952 2602 nomine
973 2576 1042 2603 suo
1061 2564 1168 2602 illum

795 2617 993 2667 adcipietis
1093 2619 1121 2639 ⁴4
1133 2630 1212 2668 quo

794 2671 912 2709 modo
932 2672 1088 2721 potestis
1108 2683 1181 2711 uos

794 2725 949 2763 credere
969 2725 1133 2774 gloriam

1197 1767 1296 1807 quae

793 2779 842 2816 ab
861 2779 1026 2816 inuicem
1136 2791 1234 2828 quae

792 2840 919 2870 rentes
938 2839 974 2870 et
994 2833 1155 2882 gloriam

792 2898 891 2937 quae
911 2887 961 2925 ab
980 2887 1044 2926 illo
1063 2887 1147 2926 solo
1167 2892 1224 2926 est

1743 197 1886 236 IOHA
1894 197 2083 237 NNEM

1375 283 1455 315 Fol.
1473 285 1530 315 54.

1372 326 1435 364 Do
1455 339 1535 364 non
1555 328 1712 378 queritis

1371 378 1537 419 “Nolite
1558 394 1651 430 ergo
1671 389 1806 432 putare

1372 434 1461 483 quia
1480 447 1553 483 ego
1573 437 1764 474 accusabo

1369 499 1440 525 uos
1462 496 1551 536 aput
1571 496 1718 538 patrem
1738 497 1795 528 est

1370 542 1435 590 qui
1455 542 1613 579 adcuset
1633 555 1703 581 uos
1723 556 1813 593 moy

1371 607 1430 632 ses
1451 596 1489 632 in
1509 608 1626 645 quem
1645 608 1715 634 uos
1735 609 1846 647 spera

1370 649 1416 686 tis
1678 650 1745 687 ⁴⁶si
1765 652 1868 689 enirn

1369 703 1520 740 creditis
1541 704 1662 752 moysi
1683 705 1795 742 crede

1370 757 1448 793 ritis
1468 757 1638 794 forsitam
1659 766 1694 794 et
1714 759 1808 795 mihi

1370 810 1416 847 de
1437 822 1500 848 me
1521 812 1624 848 enim
1645 812 1729 849 illae
1749 813 1848 863 scrip

1369 864 1414 901 sit
1433 864 1497 902 ⁴⁷si
1519 872 1646 902 autem
1667 866 1763 903 illius
1783 867 1822 904 lit

1368 918 1455 955 teris
1476 931 1555 956 non
1579 919 1730 957 creditis
1751 932 1828 970 quo

1368 972 1486 1010 modo
1505 973 1631 1010 uerbis
1650 975 1745 1011 meis
1764 987 1826 1012 ere

1368 1025 1454 1063 ditis
1742 1024 1868 1079 [trans

1370 1089 1433 1116 ΧΠ
1448 1083 1470 1118 6
1483 1079 1593 1118 ¹Posl
1609 1081 1695 1118 haec
1714 1081 1772 1119 ihs
1792 1082 1874 1119 abii

1368 1146 1472 1171 mare
1492 1135 1649 1184 galileae
1669 1135 1766 1172 illius

1368 1188 1557 1225 tiberiadis
1577 1188 1830 1238 ²sequebatur

1369 1248 1495 1278 autem
1515 1242 1620 1278 illum
1641 1243 1748 1280 multi

1368 1295 1461 1332 tudo
1482 1296 1571 1345 quia
1590 1296 1771 1334 uidebant

1369 1349 1478 1396 signa
1499 1361 1571 1399 que
1591 1349 1753 1387 faciebat

1367 1402 1413 1439 de
1435 1402 1492 1440 his
1513 1416 1588 1452 que
1608 1404 1757 1441 infirma

1367 1457 1507 1493 bantur
1654 1458 1762 1495 ³abiit
1783 1470 1824 1496 er

1366 1522 1417 1557 go
1437 1510 1494 1548 ihs
1514 1511 1552 1547 in
1572 1518 1742 1549 montem
1763 1518 1801 1549 et

1366 1564 1416 1601 ibi
1437 1564 1593 1602 sedebat
1611 1577 1699 1602 curn
1720 1565 1814 1603 disci

1367 1650 1468 1689 Pulis
1491 1651 1566 1690 suis
1586 1651 1686 1689 ⁴erat
1705 1658 1822 1690 aute-

1366 1706 1584 1755 proximum
1604 1705 1748 1754 phasea

1367 1759 1447 1796 dies
1467 1759 1584 1796 festus
1600 1760 1794 1797 iudeoru-

1366 1811 1487 1850 ⁵Cum
1507 1825 1599 1862 ergo
1620 1814 1806 1852 eleuasset

1367 1867 1501 1904 oculus
1520 1867 1578 1904 ihs
1598 1874 1633 1904 et
1654 1867 1750 1905 uidis

1367 1927 1423 1957 set
1444 1921 1532 1970 quia
1552 1920 1700 1958 multito
1719 1933 1783 1959 ma

1366 1974 1470 2011 xima
1489 1976 1593 2011 uenit
1612 1975 1660 2012 ad
1682 1987 1769 2012 eum

1365 2028 1416 2065 ait
1435 2027 1483 2065 ad
1502 2028 1690 2078 pilippum
1710 2028 1812 2066 unde

1366 2081 1526 2119 emimus
1546 2094 1664 2131 panes
1685 2090 1726 2120 ut
1746 2088 1842 2121 ma-

1366 2135 1506 2173 ducent
1525 2135 1578 2173 hii

1364 2189 1475 2227 6Ηο6
1496 2197 1623 2227 autem
1644 2189 1796 2228 dicebat

1365 2250 1528 2292 temptas
1548 2256 1635 2281 eum
1654 2244 1736 2293 ipse
1752 2256 1801 2282 au

1366 2304 1443 2335 tem
1463 2298 1608 2335 sciebat
1628 2298 1719 2348 quid
1739 2310 1780 2337 es

1365 2358 1421 2388 set
1440 2350 1607 2389 facturus

1363 2404 1377 2425 ⁷
1386 2404 1643 2455 Respondens
1650 2406 1683 2443 ei
1696 2406 1863 2457 pilippus

1363 2459 1619 2497 ducentorum
1639 2460 1730 2497 dina

1364 2513 1507 2551 riorum
1527 2526 1647 2562 panes
1667 2515 1734 2552 nin

1364 2574 1451 2604 sunt
1472 2573 1512 2604 ut
1532 2569 1758 2617 unusquisq-

1361 2620 1557 2659 modicum
1577 2621 1741 2671 adcipiat

1555 2684 1589 2704 m

1361 2715 1565 2755 Β1316116111
1585 2729 1685 2756 unus
1704 2730 1752 2755 ex
1773 2717 1832 2757 dis

1362 2770 1496 2820 cipulis
1515 2772 1595 2808 eius
1615 2771 1778 2809 andreas

1360 2822 1473 2861 frater
1493 2825 1650 2862 simonis
1669 2826 1767 2875 petri

1360 2878 1432 2916 Β651
1451 2878 1513 2916 1116
1536 2891 1633 2928 puer
1653 2891 1754 2917 unus
1775 2879 1842 2930 qui

1361 2931 1474 2970 habet
1493 2933 1662 2983 quinque
1682 2946 1803 2983 panes

2347 207 2395 246 27

1905 327 2138 367 Hordiacios
2159 335 2194 367 et
2214 329 2312 367 duos

1900 384 2024 432 pisces
2045 383 2111 420 sed
2131 383 2224 421 haec
2244 383 2335 433 quid

1903 444 1991 474 sunt
2010 437 2107 474 inter
2126 444 2252 474 tantos
2272 436 2324 474 ho

1902 491 2026 528 mines

1900 543 1927 564 ¹⁰
1935 544 2040 581 Dixit
2051 556 2143 593 ergo
2156 544 2213 581 ihs
2226 542 2335 582 facite
2347 543 2399 583 ho

1901 598 2015 635 minis
2035 599 2263 636 discunbere

1902 658 1981 688 erat
2002 659 2128 688 autem
2150 651 2278 689 fenum

1902 706 2063 741 multum
2086 707 2122 741 in
2144 706 2208 742 illo
2229 705 2318 743 loco

1902 758 2171 795 discubuerunt
2191 770 2285 807 ergo

1900 813 1970 848 uiri
1990 823 2148 849 numero
2170 813 2277 862 quasi

1901 866 2072 915 quinque
2092 866 2197 903 milia

1900 918 2098 969 nAdcepit
2110 931 2202 969 ergo
2214 919 2399 968 panesihs

1901 980 1938 1010 et
1958 986 2045 1011 cum
2065 975 2207 1023 gratias
2227 974 2308 1023 egis

1902 1034 1957 1065 set
1976 1034 2014 1064 et
2034 1028 2222 1065 distribuit
2242 1027 2338 1076 pisci

1901 1082 1972 1118 bus
1993 1088 2178 1131 quantum
2197 1082 2285 1119 uole

1900 1135 1964 1172 bat
2190 1134 2262 1172 ¹²ut
2281 1140 2367 1173 aute

1901 1189 2055 1226 saturati
2076 1195 2162 1226 sunt
2181 1189 2269 1226 dicit
2289 1188 2347 1226 ihs

1900 1242 2094 1291 discipulis
2114 1244 2190 1280 suis
2212 1243 2299 1280 colli

1898 1296 1975 1344 gite
1996 1308 2092 1346 quae
2113 1308 2300 1345 superaue

1898 1356 2076 1387 rauerunt
2096 1350 2275 1399 fragme-

1898 1410 1936 1440 ta
1956 1415 2005 1440 ne
2025 1410 2184 1452 pereant
2203 1403 2333 1442 1³colle

1898 1464 2039 1506 gerunt
2059 1469 2150 1507 ergo
2306 1463 2344 1495 et

1896 1511 2135 1560 inpleuerunt
2154 1510 2280 1549 duode

1901 1565 1976 1603 cim
1996 1566 2159 1615 copinos
2175 1566 2348 1614 fragme'‘

1903 1651 2054 1690 Torum
2077 1665 2124 1690 ex
2145 1651 2215 1689 illis
2235 1652 2368 1702 quinq·

1900 1706 2062 1755 panibus
2081 1705 2271 1743 hordiacis

1899 1772 1998 1810 quae
2018 1759 2280 1809 superfuerant

1898 1814 1957 1852 his
1976 1814 2040 1863 qui
2060 1814 2303 1852 manducaue

1898 1874 1986 1905 runt

1898 1921 1990 1959 141111
2006 1933 2098 1970 ergo
2115 1921 2292 1959 homines
2307 1932 2395 1958 cum

1897 1975 2082 2013 uidissent
2101 1975 2207 2024 quod
2226 1975 2313 2012 fecit

1899 2029 2052 2078 signum
2074 2030 2252 2067 dicebant
2270 2029 2361 2077 quia

1897 2095 1985 2121 uere
2005 2083 2151 2132 profeta
2169 2090 2225 2121 est
2245 2083 2311 2133 qui

1896 2136 1935 2174 in
1955 2136 2058 2175 hunc
2077 2137 2265 2174 mundum

1893 2191 1999 2228 uenit

1896 2244 1998 2282 ¹⁵1hs
2018 2257 2109 2294 ergo
2129 2257 2218 2283 cum
2239 2256 2368 2293 cogno

1897 2299 2013 2337 uisset
2034 2300 2123 2349 quia
2142 2299 2326 2347 incipiunt

1897 2354 2027 2391 uenire
2047 2361 2084 2390 et
2102 2365 2212 2402 raper
2231 2364 2320 2389 eum

1897 2414 1937 2444 ut
1957 2407 2098 2444 faciant
2117 2418 2206 2444 eum
2226 2412 2347 2454 rege*

1896 2460 1991 2510 fugit
2010 2461 2048 2498 in
2068 2466 2242 2498 montem
2261 2460 2312 2497 ite

1895 2527 1980 2553 rum
2000 2515 2104 2552 solus

1894 2568 1920 2589 ¹⁶
1930 2567 2029 2606 Cum
2050 2574 2174 2605 autem
2195 2578 2281 2605 sero
2301 2566 2361 2605 sac

1895 2629 1978 2659 tum
1998 2629 2055 2659 est
2075 2621 2344 2659 discenderunt

1895 2676 2067 2726 discipuli
2087 2676 2167 2713 eius
2187 2675 2237 2714 ad
2256 2687 2322 2714 ma

1894 2742 1934 2767 re

1893 2783 1976 2821 ¹⁷Et
1993 2795 2080 2821 cum
2102 2782 2322 2821 ascendisse
2342 2783 2382 2821 in

1893 2849 2034 2876 nauem
2055 2838 2216 2875 uenieba
2235 2845 2311 2875 tras

1893 2904 1998 2930 mare
2017 2891 2056 2930 in
2075 2891 2329 2942 chaparnau-
