2504 3382
104 197 126 231 6
343 193 387 231 E
390 195 459 232 UA
466 193 751 233 AJ‘GELJUM
786 196 896 236 SEC

100 281 183 311 1¹01.
199 282 250 310 11.

101 323 165 360 Ait
184 335 264 360 non
284 322 371 361 licet
389 324 559 373 accipere

99 388 239 426 panem
260 377 423 414 filiorum
444 384 480 415 et
500 378 569 414 mit

99 437 177 467 tere
198 431 355 468 canibus

99 483 196 520 ”Ad
209 483 270 520 illa
283 483 512 533 dixitutique
522 483 595 521 dne

98 548 189 573 nam
209 543 246 573 et
266 549 380 574 canes
401 537 517 574 edunt

99 589 148 626 de
168 590 276 627 micis
298 602 394 638 quae
415 590 557 628 cadunt

98 642 145 679 de
165 655 299 680 mensa
318 643 552 681 dominoru-

98 707 254 732 suorum

98 749 126 771 ²⁸
134 749 247 787 Tunc
256 750 465 798 respondes
478 751 536 788 ihs
544 752 595 789 ait

98 814 122 839 ο
144 803 278 839 mulier
296 815 437 852 magna
457 812 514 842 est

96 855 190 894 fides
210 862 273 893 tua
292 857 356 894 fiat
375 858 442 894 tibi
461 859 557 896 sicut

95 909 153 946 uis

95 962 147 1000 Et
167 970 299 1000 sanata
322 971 379 1001 est
398 963 474 1001 filia
494 965 573 1002 eius

96 1029 143 1053 ex
164 1016 225 1054 illa
245 1016 339 1055 hora

95 1069 179 1106 ²⁹Et
199 1082 286 1107 cum
306 1071 501 1108 transisset
520 1071 560 1108 in

95 1122 142 1160 de
162 1123 265 1160 uenit
285 1123 422 1160 iterum
443 1136 552 1162 secus

93 1188 199 1214 mare
218 1177 375 1225 galileae

94 1229 145 1267 Et
164 1230 348 1268 ascendes
368 1230 406 1267 in
426 1237 589 1268 monte-

94 1283 250 1321 sedebat
263 1284 315 1320 ibi
387 1284 415 1305 ³⁰
425 1292 461 1322 et
475 1285 589 1323 adces

94 1344 223 1374 serunt
243 1337 291 1374 ad
312 1349 400 1374 eum
419 1339 552 1376 turbae

93 1390 277 1428 habentes
297 1402 426 1428 secum
447 1391 506 1429 clo

94 1444 164 1481 dos
185 1456 319 1481 caecos
340 1445 474 1482 debilis

93 1505 221 1534 mutus
239 1505 276 1534 et
295 1497 390 1535 alios
409 1498 489 1535 mul

93 1556 152 1588 tus
172 1557 208 1588 et
227 1551 468 1600 proiecerunt

90 1636 171 1674 Eos
191 1637 239 1674 ad
262 1637 378 1686 pedes
398 1637 478 1675 eius
497 1644 534 1675 et

91 1691 237 1727 curauit
256 1702 322 1728 eos
347 1702 483 1728 omnes

91 1743 176 1781 ³¹ita
196 1751 236 1780 ut
257 1745 387 1781 turbae
408 1745 502 1782 mira

92 1804 221 1835 rentur
241 1798 412 1835 uidentes
433 1810 497 1835 mu

91 1857 152 1888 tos
172 1851 373 1900 loquentes
394 1851 527 1890 clodos

91 1905 330 1941 ambulantes
350 1917 486 1943 caecos

91 1957 263 1995 uidentes
283 1965 320 1995 et
340 1959 497 2007 magnifi

89 2012 227 2048 cabant
247 2011 312 2047 dm
332 2011 486 2049 istrahel

91 2074 200 2101 XLL'H
217 2065 245 2086 ³²
252 2064 320 2101 Jhs
334 2070 449 2102 aulem
466 2078 576 2104 conuo

91 2118 184 2155 catis
205 2118 396 2167 discipulis
417 2119 494 2156 suis

90 2171 184 2208 dixit
203 2172 384 2209 misereor
403 2173 536 2210 turbae

89 2225 179 2274 quia
198 2225 365 2262 triduum
387 2233 442 2262 est
461 2227 536 2264 iam

89 2278 195 2327 quod
214 2287 459 2327 perseuerant

88 2343 241 2368 mecum
261 2339 297 2369 et
316 2344 394 2370 non
414 2333 464 2370 ha

88 2385 180 2422 bent
200 2386 302 2435 quod
323 2386 467 2423 mandu

90 2445 177 2475 cent
196 2448 232 2476 et
251 2439 436 2477 dimittere

88 2504 155 2529 eos
174 2492 318 2530 ieiunos
337 2493 428 2531 nolo
447 2506 495 2532 ne

89 2544 187 2582 sorte
207 2546 382 2583 deficiant
401 2547 439 2583 in

88 2598 151 2634 uia

88 2651 268 2688 ”Dicunt
288 2659 413 2689 autem
433 2654 467 2690 ei
490 2654 585 2693 disci

88 2704 167 2754 puli
186 2704 287 2741 unde
308 2718 399 2754 ergo
418 2706 457 2743 in
477 2708 524 2745 de

88 2765 188 2795 serto
209 2770 326 2807 panes
345 2766 471 2797 tantos

88 2818 130 2848 ut
149 2817 363 2848 saturentur
382 2813 514 2851 turbae

86 2864 172 2902 ⁸⁴Et
192 2865 241 2903 ait
255 2865 324 2902 illis
338 2865 395 2904 ihs
411 2867 516 2915 quod
531 2879 582 2917 pa

634 323 714 362 Nes
734 325 855 363 abetis
877 339 885 348 ·
906 325 956 364 ad
976 326 1026 364 illi
1043 326 1131 365 dixe

631 384 718 415 runt
739 385 844 426 septe
865 386 901 418 et
920 391 1066 430 paucos

631 431 836 479 pisciculos

631 484 717 521 3⁵Et
736 486 905 535 precepit
924 487 1057 524 turbae
1074 486 1129 525 dis

631 539 799 576 cunbere
819 539 857 576 in
877 546 976 577 terra

630 591 701 629 ³⁶et
721 592 868 642 adcepit
888 593 945 630 ihs
968 605 1089 642 panes

629 651 667 682 et
685 646 811 694 pisces
831 654 868 684 et
887 648 1027 696 gratias

629 699 706 747 egit
725 706 763 736 et
783 699 892 748 fregit
913 707 948 738 et
971 700 1073 738 dedit

629 752 823 802 discipulis
843 755 918 791 suis
937 761 975 791 et
994 754 1088 792 disci

627 806 705 854 puli
725 806 909 844 dederunt
928 819 1034 856 popu

627 859 665 896 lo
685 859 756 896 ⁸⁷et
775 861 1103 898 manducauerunt

627 924 762 950 omnes
781 921 817 950 et
837 915 990 951 saturati
1011 922 1096 952 sunt

627 973 663 1003 et
685 967 790 1015 quod
811 968 1016 1004 abundaue

627 1025 683 1055 rat
703 1019 751 1056 de
771 1021 934 1068 panibus
953 1021 1031 1058 tule

624 1080 713 1109 runt
733 1079 840 1122 septe
861 1081 1009 1123 sportas

625 1125 759 1173 plenas

623 1178 778 1216 ³8Erant
798 1186 924 1217 autern
945 1181 1008 1229 qui
1028 1189 1121 1218 ma-

624 1232 828 1270 ducauerat
848 1241 980 1282 quattu

623 1298 667 1323 or
686 1287 788 1323 milia
808 1286 1007 1324 hominum

621 1346 729 1377 extra
748 1352 888 1389 pueros
908 1348 945 1378 et
964 1352 1030 1377 mu

620 1393 729 1431 lieres

621 1446 706 1483 ³⁹Et
726 1447 881 1484 dimissa
901 1448 1011 1484 turba
1032 1459 1074 1485 as

621 1500 748 1537 cendit
768 1501 807 1537 in
826 1501 1003 1538 nauicula

623 1560 662 1590 et
681 1555 785 1591 uenit
804 1555 843 1590 in
863 1555 1002 1591 finibus

623 1637 835 1687 Magedam
1024 1638 1119 1692 [eu‘

623 1692 739 1730 16¹Et
759 1693 1004 1731 adcesserunt
1024 1694 1073 1731 ad

622 1746 784 1795 pharisei
806 1754 843 1784 et
863 1747 1044 1784 sadducei

621 1807 852 1848 temptantes
872 1807 909 1837 et
929 1812 1024 1849 roga

622 1861 758 1890 uerunt
778 1860 818 1891 ut
839 1854 992 1903 signum

621 1906 668 1944 de
688 1907 793 1945 caelo
813 1908 1061 1946 ostendenret

621 1960 693 1997 illis

622 2014 837 2051 ²Ihsautem
846 2015 1120 2063 responditillis

621 2068 671 2104 ait
692 2079 780 2104 cum
801 2080 884 2105 sero
906 2068 1046 2106 facturn

621 2122 732 2158 fuerit
752 2121 875 2158 dicitis
896 2128 1061 2159 serenu-

620 2175 689 2212 erit
707 2175 961 2213 rubicundum
981 2183 1038 2213 est

621 2228 723 2265 enim
743 2240 831 2265 cum
853 2230 1019 2266 nubibus

620 2281 769 2319 caelum
789 2282 845 2319 ³et
864 2295 978 2320 mane
999 2283 1037 2319 di

620 2335 705 2372 citis
725 2342 911 2384 tespestas
931 2336 1000 2373 erit
1019 2349 1062 2374 ru

620 2388 828 2425 bicundum
847 2396 904 2427 est
924 2390 1026 2427 enim

620 2453 709 2479 cum
730 2443 849 2480 tristia
868 2443 1017 2480 caelum

621 2494 844 2544 Hyprocyte
865 2495 1002 2534 faciem
1023 2509 1091 2535 cae

619 2548 643 2585 Ii
663 2549 819 2598 quidem
841 2550 962 2587 nostis
982 2562 1047 2588 aes

618 2602 750 2640 timare
771 2603 880 2651 signa
899 2611 1025 2641 autem

616 2662 835 2705 temporum
854 2669 934 2695 non
954 2669 1006 2706 po

616 2711 723 2746 testis
742 2722 978 2759 cognoscere

617 2763 630 2783 ⁴
639 2762 845 2801 Generatio
858 2764 959 2802 mala
970 2765 1113 2814 signu-

617 2817 736 2864 querit
756 2825 792 2854 et
811 2819 963 2866 signum
984 2825 1064 2856 no-

616 2868 765 2907 dabitur
784 2871 818 2908 ei
837 2872 908 2909 nisi
927 2872 1067 2921 signu-

1554 198 1642 236 MA
1655 199 1694 236 T
1691 199 1732 237 T
1723 199 1766 236 E
1770 200 1862 238 UM
1909 198 1989 253 [xv.
2012 217 2026 238 2
2035 206 2160 240 6-xv1.
2182 218 2198 241 2
2205 218 2235 249 3.

1211 285 1291 315 1¹01.
1311 286 1365 314 12.

1209 326 1328 365 Ionae
1347 326 1518 376 profetae

1205 380 1256 418 Et
1275 381 1413 419 relictis
1433 381 1503 417 illis
1523 381 1615 418 abiit
1633 381 1693 419 δεῖ

1204 446 1292 471 cum
1310 434 1475 472 uenisset
1494 440 1597 471 trans

1204 487 1342 525 fretum
1363 488 1468 526 obliti
1489 494 1574 524 sunt

1204 541 1377 590 discipuli
1397 542 1476 579 eius
1499 553 1618 590 panes

1202 594 1376 643 adcipere

1201 648 1286 685 ⁶1r1s
1306 655 1433 685 autem
1455 647 1547 685 dixit
1562 648 1632 685 illis
1648 660 1696 685 an

1199 701 1338 739 tendite
1359 701 1470 739 uobis
1491 714 1513 738 a
1533 701 1680 740 ferme-

1199 762 1238 793 to
1258 755 1521 803 phariseorum
1543 763 1578 793 et
1600 755 1668 793 sad

1199 808 1408 846 duceorum

1197 861 1332 899 ⁷Tunc
1352 862 1570 911 cogitabant
1588 862 1685 900 inter

1198 927 1238 952 se
1258 915 1425 953 dicentes
1445 916 1536 965 quia
1554 928 1674 965 panes

1197 981 1275 1006 non
1296 969 1519 1018 adcepimus

1196 1021 1368 1068 ⁸Quibus
1389 1022 1643 1070 cogitantibus

1197 1075 1290 1112 dixit
1309 1076 1366 1113 ihs
1387 1076 1478 1125 quid
1498 1077 1625 1124 cogita

1196 1129 1243 1166 tis
1263 1129 1361 1167 inter
1379 1141 1450 1167 uos
1470 1130 1646 1168 modicae

1162 1204 1164 1217 ι
1196 1182 1283 1219 fidei
1304 1183 1394 1232 quia
1412 1195 1532 1232 panes
1551 1195 1630 1221 non

1195 1235 1344 1273 habetis
1364 1236 1560 1274 ⁹nondum
1580 1238 1619 1274 in

1194 1289 1388 1327 tellexistis
1408 1302 1532 1339 neque
1553 1303 1615 1328 me

1193 1343 1355 1380 ministis
1375 1344 1542 1392 quinque
1562 1356 1612 1393 pa

1194 1407 1287 1432 num
1309 1397 1348 1433 in
1369 1397 1536 1446 quinque
1555 1398 1608 1434 mi

1193 1448 1243 1485 lia
1262 1449 1464 1487 hominum
1483 1458 1521 1487 et
1541 1450 1645 1500 quod

1194 1502 1340 1540 cofinos
1361 1504 1576 1552 sumpsistis

1193 1555 1352 1605 ¹⁰neque
1374 1563 1480 1605 septe
1499 1557 1658 1606 panium

1189 1640 1238 1678 Et
1258 1647 1439 1690 quattuor
1458 1641 1560 1678 milia

1189 1694 1389 1732 hominum
1409 1701 1446 1731 et
1467 1695 1571 1744 quod

1189 1755 1338 1796 sportas
1359 1749 1574 1798 sumpsistis

1188 1800 1340 1851 11quare
1360 1814 1440 1839 non
1460 1802 1627 1852 intellegi

1188 1855 1233 1892 tis
1253 1856 1343 1905 quia
1362 1867 1441 1893 non
1463 1856 1510 1893 de
1530 1868 1632 1905 pane

1188 1908 1265 1945 dixi
1285 1909 1449 1947 atendite
1469 1922 1492 1947 a
1512 1910 1567 1947 fer

1187 1970 1318 2000 mento
1339 1962 1590 2011 phariseoru-

1185 2022 1221 2052 et
1243 2016 1523 2054 sadduceorum

1185 2069 1334 2107 1²Tunc
1352 2070 1620 2108 intellexerunt

1185 2124 1274 2173 quia
1293 2135 1373 2160 non
1395 2123 1486 2161 dixit
1506 2137 1527 2161 a
1546 2124 1602 2162 fer

1184 2183 1315 2214 mento
1337 2177 1404 2214 sed
1423 2190 1445 2214 a
1465 2178 1588 2215 doctri

1185 2243 1234 2267 na
1253 2230 1517 2279 phariseorum
1538 2238 1575 2269 et

1184 2284 1463 2321 sadduceorum

1184 2346 1311 2373 XLVIII
1327 2337 1354 2357 ¹³
1367 2337 1475 2375 Uem't
1489 2343 1605 2376 aulem
1626 2339 1685 2377 ihs

1183 2391 1221 2427 in
1241 2398 1368 2440 partes
1389 2404 1588 2430 caesareae

1182 2444 1315 2493 pilippi
1336 2451 1372 2482 et
1391 2446 1584 2494 interroga

1182 2499 1246 2535 bat
1267 2498 1474 2547 discipulos
1494 2511 1584 2537 suos

1181 2551 1313 2589 dicens
1333 2564 1449 2601 quem
1469 2565 1530 2590 rne
1551 2553 1588 2591 di

1180 2611 1271 2642 cunt
1291 2605 1467 2643 homines
1487 2618 1570 2644 esse

1181 2659 1300 2696 filium
1320 2658 1488 2698 hominis

1178 2711 1275 2749 14Ad
1295 2713 1346 2749 illi
1367 2714 1542 2751 dixerunt
1557 2714 1676 2754 ioha-

1178 2778 1268 2803 nem
1288 2768 1493 2816 baptistam
1513 2767 1574 2805 alii

1176 2827 1303 2857 autem
1323 2820 1460 2858 heliam
1481 2821 1545 2859 alii

1176 2885 1268 2912 uero
1289 2873 1512 2912 hieremiam

1739 326 1818 365 Aut
1837 340 1957 366 unum
1977 341 2024 367 ex
2043 330 2152 379 profe

1737 380 1783 418 tis

1737 433 1868 471 15Dicit
1880 435 1950 472 illis
1959 435 2016 473 ihs
2024 448 2096 473 uos
2104 443 2228 475 autem

1736 498 1851 535 quem
1871 500 1933 525 me
1953 501 2036 527 esse
2055 491 2176 528 dicitis

1734 539 1760 559 ¹⁵
1770 540 1996 589 Respondes
2017 544 2141 581 simon
2160 556 2210 594 pe

1731 599 1809 630 trus
1829 594 1920 632 dixit
1938 602 1979 632 tu
1999 608 2040 634 es
2059 601 2132 646 xps
2151 598 2178 634 fi

1733 646 1804 684 lius
1824 646 1862 683 fii
1882 648 1961 684 uiui

1731 699 1758 720 ¹⁷
1767 699 1995 749 Respondes
2015 708 2142 739 autem
2161 703 2219 741 ihs

1731 753 1827 790 dixit
1846 754 1880 791 ei
1901 755 2034 792 beatus
2055 763 2112 792 est
2131 757 2162 793 si

1730 819 1824 844 mon
1845 808 2003 845 bariona
2022 810 2113 858 quia

1730 872 1820 897 caro
1840 867 1876 898 et
1895 863 2051 910 sanguis
2070 867 2155 900 no·-

1729 914 1907 951 reuelauit
1931 916 1997 952 tibi
2018 916 2086 952 sed
2107 928 2158 964 pa

1727 973 1784 1005 ter
1802 980 1911 1005 meus
1931 969 1996 1017 qui
2016 975 2073 1006 est
2092 970 2131 1006 in
2151 982 2196 1007 ce

1726 1021 1771 1058 lis

1727 1074 1753 1095 ¹⁸
1761 1074 1811 1111 Et
1824 1087 1897 1123 ego
1906 1075 2066 1114 dicotibi
2081 1083 2121 1114 tu
2129 1088 2169 1114 es
2177 1089 2225 1126 pe

1727 1134 1807 1165 trus
1828 1136 1866 1166 et
1887 1141 2002 1178 super
2020 1130 2121 1167 hanc
2140 1143 2190 1179 pe

1727 1188 1824 1219 tram
1844 1182 2058 1221 aedificabo
2079 1183 2159 1221 ecle

1727 1236 1823 1272 siam
1843 1248 1971 1273 meam
1992 1244 2028 1274 et
2047 1245 2179 1286 portae

1727 1289 1862 1326 inferni
1882 1302 1962 1327 non
1981 1303 2100 1339 preua

1725 1342 1856 1380 lebunt
1874 1343 1955 1381 eius

1726 1395 1810 1433 ”Et
1823 1397 1889 1433 tibi
1901 1397 2003 1434 dabo
2016 1397 2143 1435 claues
2156 1410 2224 1448 reg

1725 1450 1764 1485 ni
1785 1450 1978 1487 caelorum
1998 1458 2034 1488 et
2054 1463 2130 1500 que

1726 1514 1893 1552 cumque
1912 1504 2088 1552 ligaueris

1724 1567 1838 1604 super
1857 1563 1995 1594 terram
2015 1564 2127 1595 erunt

1724 1639 1861 1690 Ligata
1880 1647 1917 1679 et
1937 1641 1975 1679 in
1998 1643 2114 1681 caelis

1724 1702 1761 1732 et
1781 1707 2021 1746 quecumque
2040 1697 2145 1734 solue

1722 1748 1772 1785 ris
1793 1760 1907 1798 super
1925 1756 2062 1787 terram
2083 1757 2192 1788 erunt

1723 1802 1843 1840 soluta
1863 1809 1899 1840 et
1919 1804 1959 1840 in
1978 1804 2091 1841 caelis

1721 1856 1749 1877 ²⁰
1759 1856 1871 1894 Tunc
1897 1857 2083 1906 inperauit
2107 1857 2217 1895 disci-

2098 1909 2217 1963 [pulis

1719 1963 1797 2000 suis
1818 1970 1858 2000 ut
1878 1964 2023 2001 nemini
2044 1964 2186 2002 diceret

1718 2017 1823 2065 quod
1843 2018 1924 2066 ipse
1948 2025 2046 2055 esset
2065 2022 2139 2067 xps

1718 2079 1864 2107 ΧιιΉΙι
1890 2070 2080 2109 ²1Exinde
2105 2074 2221 2121 coepit

2081 2123 2158 2176 [ihs
2176 2139 2215 2163 os

1715 2177 1887 2215 tenderet
1906 2177 2098 2228 discipulis
2119 2192 2163 2217 su

1717 2231 1748 2268 is
1769 2232 1858 2280 quia
1878 2240 2028 2281 oportet
2049 2245 2138 2270 eum
2158 2234 2212 2272 ire

1717 2285 1756 2321 in
1778 2286 2022 2323 hierosolima
2042 2293 2079 2324 et
2099 2287 2180 2324 mul

1717 2345 1754 2375 ta
1773 2340 1850 2387 pati
1871 2351 1893 2376 a
1914 2341 2128 2377 senioribus
2147 2348 2185 2378 et

1715 2393 1849 2430 scribis
1868 2400 1904 2430 et
1924 2394 2157 2443 principibus

1713 2446 1950 2484 sacerdotum
1972 2454 2009 2484 et
2029 2448 2112 2485 occi

1713 2499 1750 2536 di
1771 2506 1808 2537 et
1828 2512 1899 2549 pos
1920 2501 2070 2538 tertium
2090 2501 2191 2539 diem

1710 2565 1907 2602 resurgere

1711 2606 1796 2644 22Εἰ
1817 2607 1995 2645 adsumes
2014 2614 2144 2657 petrus
2164 2621 2207 2647 ce

1710 2660 1765 2710 pit
1784 2661 1978 2710 increpare
1997 2669 2034 2699 et
2054 2661 2180 2699 dicere

1709 2714 1806 2752 absit
1825 2727 1848 2752 a
1867 2722 1903 2751 te
1922 2715 2109 2763 propitius
2128 2715 2195 2752 tibi

1709 2767 1783 2804 dfie
1804 2780 1885 2805 non
1905 2768 1972 2804 erit
1991 2767 2091 2804 istud

1707 2821 1804 2858 ²³Ad
1812 2822 2104 2869 ipseconuersus
2112 2821 2205 2859 dixit

1705 2879 1815 2923 petro
1835 2874 1932 2911 uade
1952 2881 2052 2911 retro
2070 2881 2158 2923 post

1705 2939 1767 2964 me
1788 2934 1941 2964 satanas
1960 2929 2104 2966 scanda

1703 2981 1782 3018 lum
1801 2987 1858 3019 est
1876 2981 1970 3018 mihi
