2504 3382
300 177 367 204 XII.
387 179 541 212 44—X111.
564 166 633 220 19.]
689 169 734 206 E
737 170 1006 211 UANGELJ
1009 175 1099 213 UM
1122 176 1199 215 SE
1199 178 1233 217 C

300 251 383 282 Pol.
401 253 480 283 123.

300 293 403 331 Tuet
423 295 529 332 illum

299 347 327 368 ⁴⁵
335 347 451 393 Quod
468 349 497 386 si
513 349 647 388 dixerit
665 364 794 391 seruus

298 400 359 438 ille
378 402 418 438 in
439 403 553 440 corde
574 416 645 442 suo
665 406 702 443 di

299 466 390 492 cens
409 467 556 493 moram
576 457 665 496 facit

296 507 383 546 dffis
404 521 512 547 meus
532 513 662 550 uenire

294 567 332 598 et
353 564 521 611 coeperit
540 574 694 613 percute

293 627 335 652 re
354 627 494 664 pueros
514 624 551 655 et
571 621 727 658 ancillas

294 676 331 705 et
351 669 463 707 edere
483 678 520 708 et
540 673 668 711 bibere

293 728 331 759 et
349 723 525 761 inebriari
580 727 703 765 ⁴¹⁰ueni

293 781 331 813 et
353 777 437 814 dms
457 780 556 816 serui
575 780 672 818 illius

290 829 330 866 in
351 830 411 867 die
432 844 508 881 qua
527 846 606 870 non
626 845 752 884 sperat

290 889 327 920 et
346 883 437 922 hora
458 898 534 935 qua
553 888 701 936 ignorat

289 944 327 973 et
348 938 490 976 diuidet
508 953 597 978 eum
617 954 686 990 par

287 997 442 1040 temque
462 994 541 1030 eius
562 1007 649 1032 cum

288 1043 501 1084 infidelibus
521 1049 630 1095 ponit

286 1097 389 1134 ⁴⁷111e
413 1107 540 1136 autem
565 1113 697 1140 seruus
717 1104 782 1153 qui

286 1152 470 1199 cognouit
490 1154 645 1192 uolunta

285 1209 363 1240 tem
384 1205 461 1242 dfiii
481 1207 538 1243 sui
594 1216 630 1245 et
651 1217 736 1247 no*

282 1260 500 1307 preparauit
520 1272 639 1299 secun

283 1311 375 1348 dum
395 1313 634 1352 uoluntatem

281 1365 363 1402 eius
383 1367 577 1415 uapulabit
597 1369 707 1419 ‘¹⁸an

280 1430 346 1456 cas
366 1421 472 1457 omni
492 1432 620 1460 autem
640 1424 703 1461 cui

280 1474 443 1511 multum
463 1475 594 1513 datum
614 1485 672 1515 est

278 1528 442 1565 multum
462 1537 622 1578 querent

278 1612 328 1649 ab
347 1625 395 1650 eo
451 1621 488 1651 et
509 1617 570 1653 cui
591 1617 671 1654 mul

275 1672 357 1703 tum
378 1671 598 1707 conmenda

275 1728 411 1758 uerunt
431 1723 515 1771 plus
534 1731 666 1772 petent

274 1774 324 1810 ab
344 1774 406 1812 illo

274 1835 362 1864 XLII
366 1828 393 1848 4⁹
412 1828 577 1867 Nescitis
595 1834 685 1880 quia

272 1882 361 1918 ueni
381 1883 527 1920 mittere
547 1886 585 1921 in
640 1883 772 1938 [tgnff

272 1941 408 1972 terram
431 1944 467 1973 et
488 1939 578 1986 quid
597 1952 648 1977 uo

272 1988 309 2025 lo
329 1990 359 2025 si
380 1990 615 2030 adcendatur

271 2042 299 2062 ⁵⁰
307 2043 496 2092 baptisma
516 2045 640 2084 habeo
660 2048 736 2098 bap

269 2096 374 2134 tizari
395 2105 430 2135 et
450 2102 650 2148 quomodo

269 2151 401 2188 turbor
420 2154 635 2202 usquedum

267 2205 483 2253 perficiatur
538 2208 663 2257 ⁵¹puta

266 2258 313 2295 tis
333 2260 438 2307 quod
459 2272 594 2309 pacem
615 2274 663 2301 ue

266 2312 305 2348 ni
326 2313 413 2350 dare
433 2314 472 2350 in
492 2322 628 2353 terram

266 2376 346 2402 non
366 2367 453 2405 dico
473 2370 584 2406 uobis
604 2370 671 2408 sed

264 2422 559 2468 rseparationem

264 2472 419 2510 ⁵²Erunt
438 2476 541 2511 enim
562 2488 608 2514 ex
631 2477 704 2516 hoc

262 2526 430 2576 quinque
450 2529 488 2565 in
508 2541 584 2567 una
604 2531 654 2568 do

261 2591 328 2617 mo
401 2589 439 2619 et
459 2583 537 2620 duo
557 2584 595 2620 in
616 2592 690 2622 tres

260 2633 511 2673 ⁵³diuidentur
549 2646 656 2686 pater

259 2687 300 2724 in
320 2688 438 2725 filium
458 2697 495 2727 et
514 2690 612 2729 filius

258 2741 298 2778 in
317 2748 463 2791 patrem
485 2756 597 2782 suum

259 2795 447 2834 diuidetur
466 2806 587 2836 mater

257 2848 296 2886 in
316 2850 433 2889 filiam
453 2859 490 2891 et
509 2853 626 2891 filiam

829 301 876 340 In
895 311 1056 343 matrem
1076 318 1207 346 socrus

828 355 868 393 in
888 369 1025 396 nurum
1046 372 1153 397 suam
1191 368 1229 400 et

828 422 946 448 nurus
966 413 1004 449 in
1025 425 1177 452 socrum

828 476 937 501 suam

827 517 1022 556 ⁵⁴Dieebat
1042 527 1167 559 autem
1188 529 1224 560 et
1244 523 1291 561 ad

826 573 956 609 turbas
993 586 1082 610 cum
1104 575 1221 613 uideri

825 626 871 662 tis
890 627 1034 664 nubem
1054 629 1102 664 ab
1123 630 1229 667 orien

823 685 901 715 tem
922 680 971 716 ad
991 692 1172 719 occasum

824 733 951 769 statim
971 733 1094 772 dicitis
1112 736 1192 773 nim

823 786 892 822 bus
911 787 1014 824 uenit
1034 795 1071 826 et
1090 789 1142 827 ita
1161 790 1202 827 fit
1222 791 1293 829 ⁵⁵et

821 851 911 876 cum
931 841 1098 880 uideritis
1136 856 1202 882 aus

820 899 920 930 trum
940 894 1095 933 flantem
1116 897 1190 934 dici

819 947 866 983 tis
887 948 991 996 quod
1011 957 1114 987 estus
1134 952 1203 988 erit

817 1006 855 1037 et
874 1001 925 1038 ita
946 1002 985 1038 fit
1058 1003 1250 1052 ⁵⁶hyproci

817 1060 879 1091 tae
899 1054 1034 1092 faciem
1057 1058 1150 1094 caeli
1169 1066 1207 1096 et

816 1112 936 1145 terrae
956 1110 1076 1147 nostis
1114 1124 1184 1160 pro

816 1161 906 1198 bare
926 1161 998 1199 hoc
1018 1170 1168 1212 tempus
1189 1179 1237 1203 au

815 1220 892 1250 tem
914 1226 992 1251 non
1012 1219 1170 1264 potestis
1190 1232 1260 1268 pro

813 1267 905 1305 bare
961 1269 1086 1317 ⁵⁷quid
1104 1279 1233 1309 autem

812 1327 850 1357 et
871 1333 892 1357 a
912 1322 1022 1360 uobis
1042 1325 1131 1373 ipsis
1152 1338 1232 1363 non

812 1374 983 1413 iudicatis
1004 1378 1108 1426 quod
1128 1379 1257 1417 iustu*

811 1434 869 1465 est
962 1430 1087 1468 ⁵⁸dum
1106 1434 1210 1471 enim

810 1482 917 1519 uadis
936 1495 1024 1521 cum
1045 1486 1207 1525 aduersa

810 1536 868 1573 rio
888 1543 953 1574 tuo
972 1538 1020 1575 ad
1040 1541 1223 1590 magistra

811 1621 917 1659 Tum
937 1623 975 1660 in
995 1625 1056 1661 uia
1076 1625 1125 1664 da
1145 1639 1262 1677 opera

807 1675 956 1713 liberari
976 1679 1025 1715 ab
1045 1679 1109 1718 illo
1128 1693 1177 1718 ne

806 1729 903 1767 forte
923 1732 1155 1772 condemnet

807 1789 842 1819 te
862 1791 952 1833 aput
973 1786 1134 1824 iudicem
1156 1795 1191 1826 et
1211 1790 1248 1826 iu

806 1837 879 1874 dex
901 1839 1022 1876 tradat
1043 1847 1079 1878 te
1099 1850 1234 1881 exacto

804 1891 834 1927 ri
854 1898 890 1928 et
911 1900 1066 1931 exactor
1085 1897 1208 1933 mittat

804 1950 839 1981 te
860 1945 899 1981 in
919 1958 1113 1985 carcerem
1152 1950 1224 1987 5⁰di

803 2010 851 2035 co
871 2000 938 2036 tibi
958 2013 1035 2038 non
1056 2003 1161 2040 exies
1180 2005 1219 2041 in

803 2051 850 2089 de
870 2052 993 2092 donec
1014 2057 1260 2095 nouissimu*

802 2107 1053 2155 quadrantem
1074 2111 1210 2149 reddas
1239 2110 1298 2164 [in

802 2169 906 2196 XLIII
922 2161 973 2198 1:3¹
993 2162 1159 2201 Uenerun
1179 2172 1296 2204 aulem

800 2213 885 2262 ipso
905 2220 1077 2265 tempore
1097 2220 1245 2266 quida*

799 2269 1016 2306 nuntiantes
1036 2271 1086 2307 illi
1107 2273 1152 2309 de
1173 2286 1223 2322 ga

797 2320 915 2359 lilaeis
935 2335 1099 2372 quorum
1120 2338 1188 2364 san

795 2375 952 2423 guinem
972 2378 1111 2426 pilatus
1131 2381 1204 2418 mis

794 2429 871 2466 cuit
891 2442 980 2468 cum
1000 2433 1191 2472 sacrificiis

793 2493 927 2520 eorum

792 2534 862 2573 2Et
882 2539 1121 2587 respondens
1142 2541 1198 2579 ihs
1219 2542 1255 2580 di

791 2590 846 2626 xit
865 2590 934 2628 illis
954 2595 1093 2640 putatis
1114 2597 1219 2644 quod

790 2642 829 2679 hi
849 2644 996 2692 galilaei
1016 2659 1084 2695 pre
1104 2650 1211 2687 omni

790 2697 861 2734 bus
880 2699 1025 2746 galileis
1045 2700 1198 2740 fuerunt

787 2759 1008 2799 peccatores
1028 2756 1117 2803 quia
1138 2757 1226 2795 talia

786 2806 888 2853 passi
908 2814 997 2844 sunt
1017 2808 1116 2846 3non
1137 2810 1223 2848 dico

786 2859 896 2897 uobis
916 2861 987 2898 nisi
1007 2864 1246 2911 penitentia*

1762 188 1798 225 L
1807 189 1848 226 U
1845 190 1913 228 CA
1921 190 2062 230 NUM

1392 269 1474 300 Pol.
1490 272 1568 301 124.

1393 312 1611 351 Habueritis
1630 315 1742 354 simili

1391 372 1445 402 ter
1463 367 1602 415 peribis
1622 368 1737 407 ‘²sicut
1757 377 1795 409 et
1814 371 1838 408 il

1390 419 1413 455 li
1434 433 1541 457 xmn·
1563 433 1676 470 supra
1695 436 1792 472 quos
1812 438 1856 463 ce

1389 472 1479 510 cidit
1500 481 1619 512 turres
1639 476 1677 513 in
1698 478 1833 515 siloam

1389 532 1425 563 et
1444 528 1582 564 occidit
1601 541 1667 567 eos
1706 533 1845 580 putatis

1388 580 1492 628 quod
1512 582 1580 618 soli
1601 583 1672 631 ipsi
1692 584 1822 624 debito

1386 645 1445 670 res
1465 634 1616 672 fuerunt
1654 645 1779 685 preter

1386 699 1521 725 omnes
1542 688 1718 728 homines
1737 691 1786 729 ha

1386 741 1547 779 bitantes
1566 742 1606 779 in
1625 743 1844 783 iherusale-

1384 794 1483 832 ⁵non
1504 795 1590 834 dico
1610 798 1720 836 uobis
1744 800 1775 837 si
1798 808 1881 838 no-

1383 849 1618 896 penitueritis
1638 852 1750 889 simili

1384 908 1439 938 ter
1459 904 1626 951 peribitis

1383 955 1566 994 ⁶Dicebat
1585 965 1712 996 autem
1732 960 1831 1000 hanc

1383 1009 1666 1050 similitudinem
1704 1026 1746 1051 ar

1382 1063 1516 1101 borem
1536 1065 1630 1103 ficus
1650 1066 1780 1105 habuit

1382 1117 1538 1165 quidam
1557 1119 1768 1168 plantatam

1379 1170 1418 1206 in
1438 1171 1589 1209 uineam
1611 1185 1719 1211 suam
1740 1182 1776 1213 et

1379 1225 1482 1261 uenit
1503 1225 1666 1264 fructum
1688 1241 1762 1278 que

1378 1289 1465 1314 rens
1485 1279 1524 1314 in
1545 1280 1647 1318 illam
1668 1289 1704 1320 et
1724 1295 1803 1322 non

1377 1331 1523 1369 inuenit

1376 1384 1503 1423 ⁷Dixit
1523 1394 1652 1425 autem
1673 1389 1721 1426 ad
1742 1391 1845 1429 culto

1375 1450 1455 1476 rem
1476 1440 1610 1479 uineae
1629 1455 1718 1481 ecce
1738 1457 1789 1481 an

1377 1493 1415 1528 ni
1435 1500 1509 1530 tres
1529 1502 1616 1532 sunt
1635 1508 1682 1533 ex
1703 1509 1780 1546 quo
1801 1511 1848 1536 ue

1375 1546 1439 1584 nio
1459 1559 1623 1596 querens
1642 1550 1805 1589 fructum

1374 1632 1421 1669 In
1440 1633 1645 1673 ficulneam
1666 1636 1736 1675 hac

1372 1692 1410 1723 et
1429 1699 1509 1724 non
1528 1689 1686 1727 inuenio

1371 1741 1524 1778 succide
1544 1755 1637 1792 ergo
1657 1745 1760 1783 illam

1371 1801 1410 1831 ut
1430 1796 1522 1844 quid
1541 1799 1657 1834 etiam
1676 1806 1804 1837 terra-

1369 1856 1530 1886 euacuat
1604 1850 1672 1889 3ad
1692 1853 1753 1890 ille

1369 1903 1605 1950 respondens
1626 1905 1659 1942 ei
1680 1907 1774 1945 dixit

1369 1955 1456 1992 dfiie
1477 1958 1625 1995 remitte
1646 1959 1748 1997 illam

1368 2015 1405 2046 et
1425 2008 1498 2047 hoc
1518 2023 1622 2049 anno
1642 2025 1762 2062 usque

1367 2062 1459 2100 dum
1479 2064 1622 2102 fodiam
1643 2067 1744 2105 circa

1365 2116 1467 2154 illam
1488 2124 1524 2155 et
1542 2120 1691 2157 mittam
1711 2122 1784 2159 cho

1364 2170 1525 2218 phinum
1548 2175 1724 2213 stercoris

1363 2224 1421 2261 ⁹et
1441 2226 1470 2261 si
1490 2226 1645 2275 quidem
1664 2228 1793 2267 fecerit

1362 2277 1525 2316 fructum
1546 2281 1602 2317 sin
1623 2290 1752 2320 autern

1361 2332 1400 2367 in
1419 2332 1588 2371 futurum
1608 2337 1788 2375 sudcides

1359 2397 1447 2422 eam
1758 2389 1857 2443 [cens

1360 2440 1514 2477 XI111110
1533 2441 1640 2479 Erat
1658 2449 1775 2482 aulem
1795 2448 1855 2484 do-

1358 2493 1397 2529 in
1417 2506 1493 2532 una
1513 2507 1784 2547 synagogaru-

1356 2548 1524 2586 sabbatis
1546 2549 1614 2587 llet
1635 2564 1724 2589 ecce
1744 2566 1809 2591 mu

1355 2600 1422 2637 lier
1441 2614 1538 2650 quae
1559 2603 1724 2643 habebat

1354 2657 1439 2702 spm
1458 2656 1684 2695 infirmitatis
1704 2672 1753 2696 an

1352 2708 1410 2745 nis
1430 2709 1565 2748 decem
1586 2718 1623 2748 et
1642 2720 1730 2750 octo

1351 2769 1388 2798 et
1407 2770 1485 2800 erat
1506 2764 1686 2803 inclinata
1706 2779 1778 2805 nec

1351 2817 1511 2854 omnino
1531 2825 1678 2866 poterat
1698 2833 1761 2858 sur

1349 2880 1433 2906 sum
1454 2872 1642 2920 respicere

2366 204 2414 249 63

1919 320 2085 367 ¹²Quam
2104 335 2192 362 cum
2212 327 2357 366 uideret

1919 374 1977 412 ihs
1997 378 2151 415 uocauit
2169 391 2255 417 eam
2275 383 2325 419 ad
2344 395 2384 421 se

1918 435 1954 466 et
1975 429 2026 466 ait
2045 430 2095 467 illi
2116 433 2250 470 mulier
2269 435 2306 472 di

1917 482 2033 520 missa
2053 491 2108 521 est
2128 487 2177 523 ab
2196 487 2335 526 infirmi

1917 542 1991 574 tate
2011 544 2074 574 tua
2094 538 2163 576 ¹³et
2184 540 2352 590 inposuit

1916 589 1968 626 illi
1990 602 2147 629 manum
2168 602 2205 631 et
2225 608 2299 633 con

1915 642 2039 681 festini
2059 654 2187 685 erecta
2206 655 2264 686 est

1914 703 1951 733 et
1971 700 2239 747 magnificabat
2258 702 2326 740 dm

1915 749 2205 800 14Respondens
2226 763 2354 794 autem

1914 804 2237 855 archisynagogus
2256 810 2295 846 in

1914 857 2076 906 dignans
2097 862 2200 910 quod
2221 864 2339 901 sabba

1912 917 1952 948 to
1972 921 2120 950 curaret
2140 915 2198 952 ihs
2236 916 2319 954 dice

1912 965 1977 1002 bat
1996 968 2126 1004 turbae
2165 981 2232 1007 sex
2252 971 2290 1008 di

1911 1030 1953 1055 es
1974 1027 2060 1057 sunt
2079 1021 2118 1058 in
2138 1023 2276 1070 quibus
2295 1037 2394 1075 opor

1910 1079 1963 1109 tet
1983 1076 2133 1122 operari
2153 1076 2192 1113 in
2212 1077 2271 1115 his
2290 1091 2331 1116 er

1908 1138 1961 1174 go
1980 1128 2106 1165 uenite
2127 1132 2271 1168 curami

1910 1180 1948 1215 ni
1968 1189 2004 1217 et
2025 1193 2103 1219 non
2123 1183 2183 1221 die
2203 1186 2351 1224 sabbati

1909 1232 2200 1283 1⁵¹Respondens
2221 1246 2349 1277 autem

1908 1287 1957 1324 ad
1977 1288 2082 1325 illum
2103 1290 2188 1328 dms
2209 1292 2304 1330 dixit

1906 1340 2102 1390 hyprocite
2139 1347 2326 1395 unusquis

1907 1406 1981 1443 que
2001 1403 2170 1435 uestrum
2191 1401 2310 1437 sabba

1906 1454 1945 1485 to
1965 1461 2044 1487 non
2064 1451 2176 1489 soluit
2197 1453 2328 1491 boue*

1907 1514 2019 1540 suum
2039 1512 2103 1542 aut
2123 1506 2273 1543 asinum

1905 1568 1928 1593 a
1947 1559 2124 1607 presepio
2144 1565 2181 1597 et
2201 1560 2303 1599 ducit

1905 1643 2096 1692 adaquare
2117 1646 2249 1685 16hanc
2270 1661 2319 1686 au

1905 1703 1982 1734 tem
2001 1698 2117 1736 filiam
2137 1701 2304 1740 abrahae

2228 1765 2248 1786 a

1902 1805 2018 1842 quam
2037 1796 2262 1846 adligauerit
2281 1811 2324 1837 sa

1901 1855 2009 1886 tanas
2047 1862 2135 1888 ecce
2156 1852 2250 1889 dece
2270 1860 2306 1890 et

1900 1908 1989 1939 octo
2010 1915 2132 1942 annos
2153 1918 2232 1943 non
2253 1919 2350 1956 opor

1898 1956 1968 1992 tuit
1988 1957 2086 1994 solui
2106 1971 2128 1995 a
2147 1960 2302 1998 uinculo

1897 2008 1971 2047 isto
1991 2010 2051 2047 die
2072 2013 2219 2050 sabbati

1897 2062 1980 2100 ¹⁷Et
1998 2076 2088 2102 cum
2109 2065 2203 2104 haec
2223 2067 2366 2106 diceret

2112 2129 2134 2149 n

1895 2160 2143 2200 erubescebat
2163 2163 2281 2201 aduer

1894 2214 1980 2251 sarii
2000 2215 2080 2253 eius
2101 2224 2137 2253 et
2157 2219 2283 2256 omnis
2303 2231 2354 2269 po

1892 2268 2005 2316 pulus
2025 2271 2216 2319 gaudebat
2236 2273 2275 2309 in

1891 2322 2069 2370 preclaris
2089 2337 2163 2373 que
2183 2326 2272 2363 uide

1928 2385 1948 2405 Π

1890 2418 1953 2455 bat
1973 2419 2054 2456 fieri
2073 2421 2121 2458 ab
2141 2421 2224 2470 ipso

1889 2471 2084 2510 ¹⁸Dicebat
2104 2487 2195 2523 ergo
2215 2476 2275 2512 cui
2299 2477 2384 2515 simi

1887 2525 1933 2562 lis
1953 2532 2009 2563 est
2029 2540 2189 2576 regnum
2210 2529 2249 2566 di

1886 2585 1924 2616 et
1943 2580 2002 2616 cui
2022 2582 2141 2619 simile
2162 2583 2266 2621 illud·
2287 2596 2329 2622 es

1884 2633 2028 2671 timabo
2049 2634 2201 2673 ¹⁰simile
2222 2645 2279 2675 est

1882 2698 2004 2734 grano
2026 2690 2176 2738 senapis
2196 2691 2302 2740 quod

1882 2740 2087 2790 adceptum
2107 2743 2225 2783 homo
2245 2746 2298 2782 mi

1880 2794 1926 2831 sit
1945 2794 1983 2831 in
2002 2795 2154 2834 hortum
2174 2810 2287 2836 suum

1879 2855 1916 2885 et
1936 2850 2056 2887 creuit
2075 2858 2112 2888 et
2133 2851 2233 2890 facta
2252 2861 2309 2891 est

1877 2902 1993 2940 arbor
2011 2911 2048 2940 et
2067 2905 2245 2944 uolucres

1877 2956 1971 2993 caeli
1990 2959 2257 3007 requieuerunt

1875 3009 1915 3046 in
1933 3012 2048 3049 ramis
2068 3013 2150 3051 eius
