2504 3382
151 212 201 248 66

150 297 232 326 Fol.
250 296 330 325 129.

152 339 212 376 Ge
232 344 331 376 esset
368 337 460 375 uidit
481 337 505 374 il

150 392 230 429 lum
250 399 357 440 pater
377 392 494 440 ipsius
514 396 551 427 et

151 446 355 483 adcurrens
376 445 455 482 ceci

152 500 205 537 dit
226 511 341 547 supra
360 498 501 535 collum

151 553 232 590 eius
251 560 287 589 et
307 551 500 589 osculatus

152 614 208 643 est
227 605 334 642 illum

152 659 370 707 1’1131111101110
392 657 427 695 01
447 657 556 694 filius·
576 668 627 706 pa

151 720 207 749 ter
226 712 384 761 peccaui
404 712 443 748 in
462 723 531 749 cae

151 767 230 803 lum
249 772 286 803 et
306 777 436 803 coram
455 773 491 802 te

152 820 228 857 iam
249 832 327 856 non
347 831 430 856 sum
453 819 518 867 dig

151 885 224 910 nus
243 873 372 911 uocari
394 873 490 909 filius
510 879 549 909 tu

151 939 196 964 us
322 925 446 963 2²dixit
466 930 580 962 aute*

151 987 258 1030 pater
278 980 358 1017 eius
379 980 426 1016 ad
447 990 576 1015 seruos

153 1045 255 1071 suos·
311 1034 384 1070 cito
406 1032 531 1081 profer

153 1095 187 1124 te
209 1086 344 1123 stolam
365 1086 466 1122 illam
487 1086 543 1134 pri

152 1153 254 1177 mam
276 1148 312 1177 et
332 1140 476 1176 induite
497 1139 589 1175 illu-

151 1201 188 1231 et
209 1194 294 1230 date
314 1193 472 1230 anulum
492 1193 530 1229 in

151 1260 306 1284 manum
329 1248 407 1284 eius
426 1254 462 1283 et
483 1247 542 1283 cal

152 1301 341 1339 ciamenta
361 1302 398 1337 in
419 1301 506 1349 pedi

152 1356 225 1392 bus
245 1355 323 1391 eius
389 1354 459 1390 ²3et
480 1353 581 1391 addu

152 1409 224 1446 cite
243 1408 402 1444 uitulum
422 1408 526 1444 illum

153 1463 366 1511 saginatum
401 1468 436 1498 et
456 1462 539 1498 occi

153 1517 229 1553 dite
260 1523 295 1552 et
315 1515 592 1552 manducemus

152 1578 189 1607 et
209 1569 405 1618 epulemur
425 1568 546 1618 24quia
567 1568 627 1606 hic

153 1656 269 1693 Filius
289 1667 398 1692 meus
418 1667 502 1693 mor

152 1717 238 1747 tuus
256 1709 378 1746 fuerat
398 1716 434 1746 et
453 1722 493 1746 re

152 1764 245 1800 uixit
280 1764 440 1812 perierat
460 1768 497 1799 et

153 1819 329 1854 inuentus
348 1824 404 1853 est
424 1823 460 1853 et
481 1827 552 1854 coe

153 1878 288 1920 perunt
307 1870 473 1919 aepulari

153 1925 277 1961 25]Ξῖ131
297 1933 425 1961 autem
444 1924 541 1960 filius

154 1979 233 2016 eius
254 1979 377 2015 iunior
397 1979 434 2014 in
455 1990 548 2025 agro

155 2040 191 2070 et
213 2044 300 2069 cum
321 2033 467 2069 ueniret
489 2039 525 2068 et

155 2086 397 2134 adpropiaret
418 2085 547 2123 domui

155 2140 299 2177 audiuit
319 2139 533 2187 symfoniam

155 2200 192 2230 et
213 2193 373 2230 chorum
394 2194 458 2229 2fiet
480 2204 529 2229 uo

154 2247 254 2284 cauit
273 2259 392 2283 unum
414 2247 460 2284 de
481 2258 541 2284 ser

154 2301 212 2337 uis
233 2307 269 2337 et
288 2301 534 2349 interrogabit

155 2366 252 2403 quae
273 2361 400 2391 essent

155 2408 253 2445 ²⁷Ad
272 2408 332 2445 ille
354 2408 448 2445 dixit
468 2407 518 2444 illi
539 2407 594 2445 fra

156 2469 211 2499 ter
231 2470 316 2499 tuus
335 2462 439 2499 uenit
460 2470 495 2498 et
515 2474 560 2499 oc

158 2515 245 2552 cidit
266 2523 372 2564 pater
391 2523 477 2552 tuus
498 2516 535 2552 ui

157 2570 276 2605 tulum
299 2569 401 2606 illum
422 2571 502 2617 sagi

157 2629 287 2659 natum
310 2624 397 2672 quia
421 2623 555 2660 saluu·‘

156 2675 260 2712 illum
280 2679 421 2725 recepit
457 2675 529 2713 ²⁸in

158 2729 333 2777 dignatus
353 2736 408 2766 est
427 2737 542 2766 aute-

159 2790 195 2819 et
216 2782 334 2819 noluit
354 2783 504 2820 introire

159 2845 266 2886 pater
285 2847 374 2872 uero
395 2836 490 2872 illius

159 2901 332 2938 egressus
353 2890 478 2938 coepit
503 2889 597 2925 illu·

382 208 425 245 E
428 208 495 246 UA
502 206 785 245 NGELIUM
808 204 917 244 SEC

681 335 836 384 Rogare

678 388 775 425 2²³Ad
792 388 851 424 ille
872 385 1112 435 respondens

679 442 771 480 dixit
791 441 886 490 patri
905 452 975 478 suo
995 452 1083 477 ecce

679 495 783 544 quod
802 495 912 531 annis
933 494 1058 532 seruio

678 549 744 586 tibi
764 556 800 585 et
820 559 1032 596 numquam

677 602 903 640 mandatum
923 609 1032 638 tuum

677 657 829 705 preterii
849 662 886 693 et
906 658 1104 703 numqua*

679 710 813 747 dedisti
833 709 925 746 mihi
945 708 1083 745 aedum

678 772 719 800 ut
740 775 828 800 curn
849 762 981 800 amicis
1001 761 1097 798 meis

679 817 875 865 aepularer

677 871 705 891 ³⁰
720 870 794 908 Sed
813 876 1019 918 postquam
1039 867 1136 904 filius

677 930 764 961 tuus
785 923 845 960 hic
865 923 930 971 qui
949 922 1092 958 deuora

677 977 732 1013 uit
754 975 1004 1013 substantiam
1025 981 1065 1011 tu

678 1042 740 1067 am
761 1041 849 1066 cum
868 1029 1020 1066 meretri

678 1084 785 1121 cibus
815 1083 919 1120 uenit
939 1089 977 1120 et
996 1094 1045 1119 oc

679 1137 799 1175 cidisti
819 1137 870 1173 illi
891 1135 1052 1174 uitulum

680 1191 895 1239 saginatum

678 1245 774 1281 31Ad
789 1244 868 1293 ipse
882 1243 976 1280 dixit
990 1243 1051 1280 illi·
1067 1242 1117 1279 fili
1133 1248 1172 1280 tu

680 1311 831 1346 semper
851 1309 1003 1334 mecum
1024 1309 1065 1334 es

680 1359 717 1390 et
737 1352 865 1389 onmia
884 1363 971 1388 mea
991 1358 1055 1387 tua

681 1412 768 1443 sunt

680 1458 905 1508 32Aepulare
926 1465 1055 1496 autem
1074 1469 1146 1495 nos

680 1521 716 1550 et
736 1513 901 1561 gaudere
918 1518 1067 1561 oportet

680 1568 769 1617 quia
791 1567 902 1604 frater
922 1574 1008 1603 tuus
1030 1566 1090 1603 hic

680 1653 857 1691 Mortuus
877 1653 998 1690 fuerat

678 1715 715 1745 et
735 1708 868 1744 reuixit
888 1707 1049 1756 perierat

679 1768 715 1799 et
735 1762 913 1798 inuentus
933 1768 990 1798 est
1107 1756 1178 1811 [ad

679 1825 721 1851 LI
739 1824 773 1866 153
793 1814 968 1851 ¹Dicebal
993 1818 1111 1851 autem
1144 1817 1178 1850 et

681 1869 885 1918 discipulos
907 1880 995 1905 suos
1016 1867 1066 1905 ho

680 1936 745 1961 mo
766 1922 920 1972 quidam
941 1928 1021 1959 erat
1041 1921 1079 1958 di

680 1989 748 2014 ues
769 1977 832 2026 qui
853 1976 1017 2013 habebat
1038 1974 1102 2012 uili

682 2043 769 2069 cum
790 2038 827 2068 et
847 2029 909 2067 hic
929 2030 1083 2066 diffatus

681 2092 758 2122 erat
779 2092 868 2133 aput
888 2084 993 2121 illum
1028 2081 1133 2132 quod

681 2138 878 2187 dissipauit
899 2139 1002 2175 bona
1021 2138 1104 2174 eius

681 2193 738 2229 ²et
758 2192 912 2229 uocauit
932 2192 1037 2228 illum
1056 2198 1094 2228 et

682 2246 732 2283 ait
753 2246 816 2282 illi·
873 2246 964 2295 quid
984 2245 1056 2282 hoe
1077 2256 1126 2282 au

683 2300 746 2337 dio
767 2300 812 2337 de
833 2306 867 2336 te
888 2299 1002 2336 redde
1023 2299 1118 2335 ratio

682 2366 772 2391 nem
792 2353 1017 2390 uilicationis
1037 2359 1077 2388 tu

683 2420 727 2445 ae
747 2408 823 2443 iam
843 2407 945 2443 enim
965 2418 1044 2443 non
1064 2417 1115 2454 po

682 2468 754 2498 test
774 2461 938 2498 uilicare·

682 2515 767 2552 3Ait
788 2522 915 2551 autem
935 2513 1063 2551 uilicus
1083 2513 1122 2550 in

683 2576 739 2606 tra
756 2581 799 2617 *se
821 2568 911 2617 quid
931 2567 1069 2604 faciam

684 2623 773 2673 quia
793 2623 864 2660 dns
884 2633 991 2658 meus
1011 2619 1096 2658 aufe

683 2685 738 2714 ret
758 2688 779 2713 a
803 2689 864 2713 me
885 2676 1131 2712 uilicatione‘

682 2731 813 2767 fodere
834 2742 912 2767 non
932 2729 1045 2767 ualeo

683 2784 901 2821 mendicare
921 2784 1058 2820 erubes

685 2850 731 2874 co
788 2837 973 2885 ‘¹cognoui
993 2836 1083 2886 quid

685 2890 823 2927 faciam
842 2898 882 2927 ut
902 2902 989 2927 curn
1010 2901 1100 2927 amo

1054 2998 1103 3022 XX

1583 201 1883 240 LUCANUM
1933 199 2011 254 [xv.
2032 215 2177 240 20-XV1.
2202 215 2259 240 21.

1241 288 1322 318 1¹01.
1339 289 1418 318 130.

1241 331 1323 368 Tus
1342 330 1449 367 fuero
1470 342 1492 366 a
1511 329 1679 367 uilicatio

1240 397 1287 421 ne
1309 384 1492 432 recipiant
1513 395 1575 420 me
1595 383 1635 420 in

1240 438 1375 475 domos
1397 449 1482 474 suas

1239 490 1495 528 ⁵Conuocatis
1515 489 1656 538 itaque·
1676 489 1736 527 si-

1240 545 1335 593 gulis
1356 543 1590 581 debitoribus
1608 543 1659 581 do

1240 599 1332 635 mini
1355 598 1412 635 sui
1453 597 1604 634 dicebat

1241 652 1366 701 primo
1388 658 1575 701 quantum
1596 650 1644 687 de

1241 708 1307 743 bes
1327 706 1404 743 dno
1424 717 1511 742 meo
1567 703 1636 741 6ad

1240 759 1298 796 ille
1319 759 1413 796 dixit
1431 766 1584 796 centum
1605 758 1654 794 ba

1239 813 1285 850 tis
1305 813 1378 850 olei
1416 813 1586 861 dixitque
1608 811 1631 848 il

1239 866 1264 902 li
1284 866 1420 914 adcipe
1440 866 1581 902 litteras
1601 872 1641 901 tu

1239 932 1280 957 as
1302 926 1338 956 et
1359 919 1448 956 sede
1468 919 1542 956 cito
1562 918 1684 956 scribe

1241 973 1532 1022 quinquaginta·
1571 972 1639 1009 '‘de

1240 1027 1327 1064 inde
1343 1027 1416 1064 alio
1432 1027 1537 1063 dixit·
1558 1033 1611 1063 tu·
1633 1031 1737 1075 qua-

1242 1088 1320 1117 tum
1342 1081 1470 1118 debes·
1510 1080 1560 1117 ait
1581 1092 1653 1117 cen

1242 1142 1321 1171 tum
1343 1134 1483 1172 choros
1503 1134 1614 1171 tritici

1240 1189 1305 1225 Ait
1325 1189 1375 1225 illi
1396 1188 1530 1237 adcipe
1551 1188 1690 1224 litteras

1240 1248 1325 1279 tuas
1345 1242 1500 1279 scribae·
1521 1241 1675 1288 octogi-

1241 1303 1279 1333 ta
1353 1296 1409 1333 8et
1430 1295 1598 1332 laudabit
1619 1295 1704 1332 dms

1241 1349 1393 1387 uilicum
1414 1348 1618 1398 iniquitatis

1241 1403 1347 1453 quod
1366 1403 1573 1452 prudenter
1594 1402 1629 1439 fe

1242 1459 1291 1494 cit
1382 1457 1475 1493 dixit
1495 1462 1623 1493 autem

1241 1511 1292 1547 fili
1311 1510 1423 1547 huius
1443 1509 1582 1546 saeculi
1601 1521 1672 1558 pru

1243 1565 1432 1602 dentiores
1453 1570 1541 1600 sunt
1562 1569 1665 1612 qua-

1242 1651 1323 1688 Fiiii
1343 1650 1437 1687 lucis
1458 1650 1496 1686 in
1517 1648 1587 1686 hac
1607 1660 1656 1697 ge

1242 1705 1438 1742 neratione

1241 1759 1311 1796 9Ε1
1331 1770 1404 1807 ego
1425 1757 1511 1794 dico
1532 1755 1642 1794 uobis
1663 1755 1699 1794 fa

1242 1814 1314 1851 cite
1334 1812 1445 1849 uobis
1465 1811 1609 1848 amicos

1243 1867 1289 1904 de
1311 1877 1493 1903 mamona
1513 1864 1634 1913 iniqui

1243 1921 1329 1958 tatis
1349 1928 1391 1956 ut
1411 1931 1503 1956 cum
1523 1918 1654 1956 defece

1243 1975 1322 2011 ritis
1342 1973 1525 2022 recipiant
1545 1984 1616 2009 uos

1242 2029 1280 2065 in
1301 2034 1454 2064 aeterna
1473 2027 1633 2063 taberna

1242 2082 1328 2119 cula

1242 2136 1270 2155 ¹⁰
1279 2135 1356 2182 Qui
1371 2133 1492 2172 fidelis
1512 2140 1569 2171 est
1589 2133 1628 2169 in
1646 2131 1740 2169 mini

1243 2201 1308 2226 mo
1327 2196 1362 2226 et
1383 2189 1421 2225 in
1442 2188 1566 2225 maius
1586 2186 1662 2224 fide

1242 2243 1286 2281 113
1307 2250 1364 2281 031
1420 2250 1456 2280 01
1476 2242 1541 2291 qui
1561 2242 1600 2278 in
1619 2252 1686 2278 mo

1243 2298 1329 2335 dico
1352 2296 1471 2333 fidelis
1491 2304 1547 2333 est
1567 2301 1604 2333 et
1624 2295 1663 2331 in

1242 2351 1365 2388 maius
1385 2351 1538 2399 iniquus
1558 2354 1615 2386 est

1243 2405 1269 2424 11
1280 2404 1319 2442 Si
1334 2416 1427 2452 ergo
1443 2405 1480 2440 in
1500 2403 1632 2452 iniquo
1647 2407 1741 2438 ma-

1244 2470 1361 2496 mona
1380 2457 1503 2494 fidelis
1525 2468 1605 2494 non

1244 2512 1364 2549 fuistis
1416 2510 1520 2560 quod
1539 2514 1661 2547 ueru-

1244 2574 1299 2603 est
1320 2565 1405 2615 quis
1425 2565 1543 2602 credit
1563 2575 1614 2601 uo

1245 2621 1304 2657 bis
1413 2618 1483 2655 ¹²et
1504 2619 1534 2655 si
1555 2618 1594 2654 in
1615 2616 1686 2654 alie

1245 2686 1297 2711 no
1318 2672 1438 2710 fidelis
1460 2684 1538 2710 non
1559 2671 1633 2709 fuis

1245 2728 1290 2765 tis
1311 2727 1417 2777 quod
1436 2733 1605 2763 uestrum

1244 2789 1301 2819 est
1321 2781 1406 2830 quis
1425 2780 1530 2817 dabit
1549 2779 1661 2816 uobis

1245 2844 1304 2870 LII
1321 2835 1347 2855 13
1358 2835 1477 2872 Λέηιο
1495 2846 1627 2871 seruus
1636 2840 1688 2881 po

1246 2895 1318 2926 test
1339 2889 1490 2926 duobus
1510 2885 1635 2938 do[mi

1769 329 1840 367 Nis
1860 330 2002 369 seruire
2057 337 2124 368 aut

1769 384 1874 421 enim
1893 396 2013 421 unum
2034 385 2138 422 odiet

1769 443 1806 474 et
1827 437 1986 474 alterum
2007 438 2137 486 diliget

1770 497 1834 527 aut
1853 491 1919 527 uni
1939 491 2108 528 aderebit
2127 498 2165 529 01

1770 544 1931 580 3110111111
1951 551 2170 582 contemnet

1769 608 1850 633 non
1869 599 2027 645 potestis
2046 598 2102 635 do
2122 610 2184 636 ser

1769 662 1848 686 urre
1868 657 1905 687 et
1924 663 2129 688 mamonae

1769 703 2016 741 14Audiebant
2029 711 2155 741 autem
2167 704 2264 742 haec

1770 757 1902 794 omnia
1920 756 2108 805 pharisaei
2126 758 2194 806 qui

1770 819 1878 848 erant
1898 811 2002 847 auari
2023 817 2060 848 et
2080 810 2159 847 deri

1770 864 1914 901 debant
1932 864 2038 901 illum

1769 917 1854 955 1⁵Et
1865 918 1916 955 ait
1931 918 2001 955 illis
2016 929 2087 955 uos
2100 917 2190 955 estis
2202 917 2266 966 qui

1770 971 1982 1009 iustificatis
2003 983 2073 1008 uos
2093 977 2213 1009 cora-

1771 1025 1992 1063 hominibus
2025 1025 2071 1062 ds
2091 1030 2209 1062 aute-

1771 1078 1809 1116 N
1813 1080 1893 1117 ouit
1913 1078 2031 1117 corda
2049 1086 2176 1116 uestra

1771 1133 1860 1183 quia
1880 1132 1986 1182 quod
2006 1132 2228 1170 hominibus

1771 1187 1889 1224 altum
1909 1193 1965 1224 est
1985 1186 2141 1224 abhomi

1771 1242 1876 1278 natio
1897 1247 1952 1277 est
1973 1246 2061 1277 ante
2081 1239 2149 1276 dm

1771 1293 1887 1332 ¹⁶Lex
1903 1301 1939 1331 et
1960 1294 2170 1343 prophetae
2190 1305 2236 1330 us

1772 1360 1847 1397 que
1867 1348 1916 1385 ad
1936 1348 2142 1385 iohannem

1773 1414 1821 1439 ex
1843 1414 1920 1451 quo
1940 1413 2102 1449 regnum
2121 1400 2162 1437 di

1772 1455 2053 1503 euangelizatur
2071 1461 2110 1492 et

1772 1509 1919 1554 omnies
1940 1509 1978 1545 in
1999 1508 2089 1545 illud
2107 1507 2187 1545 uim

1773 1560 1902 1614 [fa]cit

1771 1649 1837 1685 17F
1839 1648 1968 1686 acilius
1987 1654 2044 1685 est
2063 1654 2195 1685 autem

1771 1703 1921 1740 caelum
1940 1708 1977 1740 et
1996 1709 2135 1739 terram
2155 1713 2222 1750 pre

1771 1757 1902 1794 terirae
1923 1768 2039 1806 quam
2059 1756 2107 1794 de
2126 1755 2161 1792 le

1771 1823 1819 1859 ge
1842 1823 1959 1848 unum
1978 1810 2129 1859 apicem
2148 1821 2195 1848 ca

1772 1865 1860 1902 dere

1771 1918 1798 1938 1³
1806 1917 1943 1956 Omnis
1956 1917 2020 1967 qui
2029 1916 2180 1954 dimittit
2189 1927 2268 1953 uxo

1772 1984 1851 2009 rem
1872 1984 1980 2009 suam
2001 1978 2036 2008 et
2056 1970 2159 2007 ducit

1773 2025 1930 2063 alteram
1950 2024 2176 2063 moechatur

1774 2087 1810 2117 et
1829 2080 1894 2128 qui
1914 2079 2111 2116 dimissam
2132 2090 2155 2115 a
2173 2077 2214 2114 ui

1774 2146 1818 2171 ro
1839 2133 1942 2170 ducit
1962 2140 2162 2170 moecatur

1773 2197 1850 2223 LIII
1868 2187 1894 2207 1⁹
1902 2187 2023 2223 Homo
2042 2190 2160 2222 aulem
2179 2185 2249 2234 qui

1774 2241 1864 2278 dam
1883 2246 1964 2278 erat
1983 2240 2088 2277 diues
2107 2246 2145 2277 et

1774 2295 2000 2332 induebatur
2019 2305 2145 2343 purpu

1775 2361 1857 2386 ram
1877 2354 1913 2385 et
1933 2349 2090 2396 byssum
2111 2353 2147 2384 et
2167 2358 2213 2384 ae

1774 2402 1976 2453 pulabatur
1996 2400 2150 2439 cottidie

1870 2454 1905 2485 di

1776 2498 2001 2549 splendebat
2020 2496 2091 2535 ²⁰et
2111 2504 2189 2535 erat

1775 2553 1930 2603 quidam
1950 2551 2152 2589 mendicus

1775 2607 1932 2644 nomine
1952 2606 2098 2642 lazarus
2118 2605 2183 2654 qui

1776 2662 1926 2698 iacebat
1946 2660 1995 2697 ad
2016 2660 2172 2696 ianuam

1777 2715 1859 2752 eius
1890 2713 2080 2750 ulceribus
2099 2711 2163 2760 ple

1780 2780 1853 2805 nus
1885 2765 2079 2814 ”cupiens
2099 2770 2227 2801 satura

1776 2822 1807 2858 ri
1826 2833 1874 2858 ex
1894 2820 1951 2856 his
1969 2831 2045 2868 que
2065 2817 2227 2855 cadebat

1777 2875 1824 2911 de
1844 2885 1979 2910 mensa
1998 2872 2124 2909 diuitis
2144 2872 2212 2909 sed

1778 2934 1814 2965 et
1836 2938 1950 2964 canes
1965 2926 2171 2963 ueniebant
