2504 3382
162 209 211 245 94
468 194 584 232 EUA
592 192 884 232 NGELJUM

158 281 242 312 1¹01.
258 282 335 311 185.

159 324 242 361 Etsi
263 335 398 361 omnes
419 322 561 360 scanda

159 377 258 415 lizati
277 377 414 414 suerint
434 376 501 414 sed
521 388 594 425 ego

162 443 242 468 non
263 430 551 468 scandalizabor

159 483 186 505 ³⁰
195 484 255 521 cui
276 483 366 521 dixit
385 483 442 520 ihs
462 495 575 520 amen
595 483 633 520 di

159 548 206 575 co
225 537 291 574 tibi
312 537 418 587 quod
437 537 510 574 hac
531 548 606 574 noc

159 598 196 628 te
216 596 303 628 ante
323 602 441 640 quam
461 590 582 639 gallus

160 650 285 682 cantet
304 650 360 681 ter
380 656 441 682 me
461 655 561 693 nega

158 698 216 735 bis
395 697 467 735 ⁸¹et
486 697 546 735 ille

159 751 321 800 amplius
342 750 569 801 loquebatur

159 805 229 842 etsi
249 805 457 852 oportuerit
478 804 588 842 simul

159 870 220 895 me
241 859 413 896 conmori
433 859 499 896 tibi
519 865 603 895 no-

159 919 196 949 te
216 912 367 960 negabo

161 965 335 1002 Similiter
354 965 467 1002 etiam
488 972 524 1003 et
543 977 608 1003 om

158 1030 226 1055 nes
246 1019 422 1055 dicebant

157 1072 243 1109 32Εῐ
262 1072 421 1108 ueniunt
441 1072 478 1108 in
499 1072 631 1121 praedi

158 1136 225 1162 um
245 1125 305 1163 cui
325 1137 468 1162 nomen
488 1126 563 1175 ged

158 1179 306 1216 samani
380 1186 416 1216 et
435 1179 485 1216 ait
505 1179 562 1217 dis

159 1232 294 1281 cipulis
315 1232 392 1269 suis
412 1233 539 1271 sedete

158 1285 218 1323 hic
239 1286 363 1323 donec
384 1298 492 1323 orem

157 1339 242 1377 ³³Et
261 1339 426 1377 adsumit
445 1346 593 1389 petrum

158 1399 194 1430 et
213 1393 393 1430 iacobum
411 1401 446 1430 et
466 1394 586 1431 ioha‘

158 1458 249 1484 nem
271 1459 400 1484 secum
419 1454 456 1484 et
476 1460 544 1485 coe

158 1500 211 1548 pit
232 1512 372 1548 pauere
393 1507 429 1537 et
450 1501 580 1538 tediari

157 1553 241 1590 ³⁴Et
260 1554 312 1591 ait
331 1554 400 1592 illis
419 1555 600 1592 contrista

160 1690 222 1729 Ta
241 1698 298 1729 est
316 1693 444 1730 anima
463 1705 550 1731 mea

157 1757 278 1795 usque
300 1746 348 1783 ad
368 1754 529 1784 mortem

157 1801 337 1837 sustinete
354 1800 412 1838 hic
434 1807 470 1839 et
489 1802 528 1838 ui

157 1853 270 1901 gilate

156 1905 242 1943 ³⁵Et
261 1907 450 1945 adcedens
470 1908 570 1958 pusil

160 1960 240 1997 lum
259 1961 421 2009 procidit
439 1962 477 1998 in
498 1962 535 1999 fa

160 2014 260 2051 ciem
281 2026 393 2064 super
412 2023 541 2053 terra-

160 2074 197 2104 et
218 2069 350 2105 orabat

160 2121 199 2157 Si
221 2121 300 2159 fieri
320 2129 449 2171 posset
469 2129 508 2160 ut
528 2130 613 2161 tra-

158 2175 245 2212 siret
264 2176 313 2212 ab
333 2188 380 2213 eo
400 2176 462 2213 illa
482 2176 577 2215 hora

158 2228 232 2265 3‘³et
253 2228 345 2266 dixit
365 2230 465 2266 abba
485 2238 592 2279 pater

158 2282 353 2331 possibilia
372 2285 501 2320 omnia

157 2336 225 2372 tibi
246 2343 334 2373 sunt
353 2338 512 2375 transfer

159 2401 181 2426 a
199 2401 261 2426 me
282 2390 439 2427 calicem
459 2391 562 2429 hunc

159 2443 226 2480 sed
245 2455 325 2480 non
346 2445 441 2481 sicut
462 2458 536 2494 ego

159 2497 249 2534 uolo
269 2498 336 2535 sed
356 2499 452 2536 sicut
472 2506 512 2535 tu
532 2500 590 2537 uis

158 2549 242 2587 ⁸⁷Et
261 2552 364 2588 uenit
385 2559 421 2589 et
440 2553 585 2591 inuenit

159 2615 226 2640 eos
246 2604 474 2643 dormientes

159 2663 196 2693 et
215 2658 264 2694 ait
283 2666 392 2706 petro
414 2660 539 2697 simon

160 2709 304 2748 dormis
324 2724 401 2749 non
422 2721 514 2761 potu

158 2762 237 2800 istis
256 2763 349 2801 hora
372 2777 449 2803 una
468 2768 506 2802 ui

158 2816 273 2865 gilare
293 2817 466 2867 88surgite
487 2826 524 2856 et

158 2877 264 2907 orate
301 2878 339 2908 ut
359 2878 484 2909 transe

159 2930 195 2960 at
215 2936 238 2961 a
257 2925 368 2962 uobis
388 2927 583 2976 temptatio

691 321 764 370 Sps
784 321 937 371 quidem
958 333 1068 370 prom

688 383 749 413 tus
769 387 857 413 caro
877 382 1005 412 autem
1024 376 1064 412 in

689 430 798 466 firma

688 483 773 520 ⁸⁹Et
793 483 930 520 iterum
950 482 1040 519 abiit
1061 494 1168 519 orare

688 536 773 573 4⁰Et
791 536 952 573 ueniens
972 536 1117 572 inuenit

689 601 755 628 eos
776 589 1008 627 dormientes
1029 594 1125 627 era-

688 644 791 681 enim
811 643 910 681 oculi
930 654 1064 680 eorum

689 697 835 746 grauati
891 704 927 734 et
946 697 1038 746 igno

689 752 822 788 rabant
841 750 932 799 quid
951 755 1094 798 respo*

688 804 822 841 derent
841 805 875 840 ei

688 858 771 894 “Et
791 857 895 894 uenit
915 857 1023 894 tertio
1043 863 1080 893 et
1099 856 1152 893 ait

688 911 758 947 illis
796 910 957 947 dormite
978 911 1053 946 iam
1073 917 1110 948 et

687 964 908 1012 requiescite
929 963 1033 1000 adest

686 1019 787 1054 enim
808 1017 1089 1055 consummatio

687 1078 724 1108 et
745 1071 849 1108 uenit
868 1070 961 1108 hora
981 1083 1073 1108 ecce

687 1124 854 1162 tradetur
874 1124 969 1161 filius
990 1124 1041 1161 ho

686 1179 799 1215 minis
819 1178 857 1214 in
878 1190 1016 1215 manus
1036 1191 1107 1227 pec

686 1240 858 1270 catorum
878 1232 904 1252 ⁴²
914 1233 1054 1281 surgite

686 1298 819 1323 eamus
838 1298 929 1323 ecce
948 1286 1057 1335 proxi

688 1347 765 1377 mat
785 1340 941 1376 traditor
961 1352 1069 1377 meus

688 1393 815 1429 XLtJN3
835 1392 892 1430 Et
908 1394 1027 1430 adhuc
1045 1406 1081 1430 co

1032 1445 1181 1498 [loqur

688 1507 722 1537 te
742 1502 844 1538 uenit
864 1501 971 1538 iudas
992 1513 1055 1538 sca

686 1554 785 1592 rioht
840 1567 940 1592 unus
962 1555 1008 1592 de
1030 1555 1107 1592 duo

686 1607 811 1645 decim
831 1616 867 1646 et
886 1621 975 1646 cum
995 1621 1043 1646 eo

687 1693 843 1732 Turbae
863 1707 951 1732 cum
971 1694 1105 1744 gladiis

685 1754 723 1785 et
742 1748 902 1785 fustibus
922 1761 944 1786 a
964 1748 1123 1798 principi

687 1803 758 1839 bus
778 1803 1020 1839 sacerdotum
1041 1803 1113 1839 mis

686 1855 716 1892 si
749 1864 755 1867 ’
844 1856 1033 1893 ⁴¹⁴¹dederat
1053 1868 1102 1893 au

685 1916 763 1946 tem
783 1909 917 1946 trditor
936 1910 1016 1947 eius
1037 1911 1094 1959 sig

686 1975 779 2000 num
800 1963 928 2001 dicens
948 1976 1064 2013 quem

686 2017 880 2054 osculatus
900 2018 1006 2054 fuero
1026 2019 1064 2066 ip

687 2083 725 2108 se
746 2077 803 2107 est
824 2078 946 2108 tenete
967 2071 1072 2108 illum
1093 2079 1129 2110 et

687 2125 811 2162 ducite
832 2125 1031 2174 diligenter

687 2178 770 2215 45Εῑ
787 2190 877 2216 cum
892 2179 1111 2217 adcessitset
1131 2180 1181 2217 ait

687 2232 736 2268 illi
757 2233 863 2269 rabbi
883 2239 919 2270 et
938 2233 1132 2270 osculatus

688 2292 745 2322 est
765 2286 870 2322 illum

688 2338 780 2375 4‘³Illi
800 2351 893 2377 uero
915 2339 1123 2377 iniecerunt

688 2404 826 2430 manus
847 2400 883 2430 et
903 2400 1104 2431 tenuerunt

687 2458 776 2483 eum

687 2500 770 2537 47Et
790 2512 889 2537 unus
911 2500 957 2537 de
978 2500 1123 2538 circum

687 2555 873 2591 stantibus
893 2562 1046 2592 exemto

687 2607 815 2656 gladio
836 2609 1022 2657 percussit
1041 2620 1102 2645 ser

686 2673 778 2698 uum
799 2662 978 2710 principis
999 2674 1107 2700 sacer

687 2715 821 2752 dotum
842 2723 878 2753 et
897 2724 1055 2765 amputa

684 2769 739 2806 uit
758 2770 966 2807 auriculam
985 2770 1065 2807 eius

685 2823 786 2860 ‘²⁸1hs
807 2831 934 2860 autem
955 2823 1048 2860 dixit
1068 2823 1137 2861 illis

685 2882 882 2925 tamquam
903 2877 950 2914 ad
970 2877 1062 2915 latro

685 2941 773 2966 nem
794 2931 950 2967 uenistis
970 2943 1058 2968 cum

1015 3012 1122 3038 XXUII

1550 192 1663 231 SEC
1688 192 1957 232 MARCUM

1252 279 1333 308 Fol.
1349 280 1429 308 186.

1252 320 1397 358 Gladiis
1416 326 1453 357 et
1473 319 1633 359 fustibus

1251 374 1560 422 conprehendere
1580 386 1643 411 me

1251 427 1436 465 ‘¹⁹cottidie
1456 434 1549 475 aput
1564 439 1635 465 uos
1650 435 1747 466 era-

1252 481 1290 518 in
1311 481 1454 529 templo
1475 481 1617 518 docens
1638 488 1674 518 et

1251 546 1331 572 non
1351 546 1412 570 me
1433 535 1603 571 tenuistis
1624 534 1691 572 sed

1252 594 1287 626 et
1307 587 1573 637 adinpleantur
1592 589 1692 637 scrip

1252 648 1356 678 turae

1251 695 1335 732 ⁵⁰Et
1355 694 1583 744 reliquentes
1603 706 1692 732 eum

1252 761 1387 786 omnes
1408 749 1598 798 fugierunt

1251 801 1276 822 ⁵¹
1285 802 1523 839 Adulescens
1539 808 1667 839 autem
1683 802 1747 851 qui

1251 854 1340 892 dam
1361 856 1589 905 sequebatur
1609 867 1677 893 eos

1251 909 1413 946 amictus
1435 909 1596 946 sindone
1617 922 1661 947 su

1250 974 1319 1011 pra
1341 962 1485 999 nudum
1506 975 1646 1012 corpus

1250 1023 1286 1052 et
1307 1022 1508 1054 tenuerunt
1528 1029 1617 1054 eum

1250 1069 1335 1107 5²ad
1354 1070 1415 1107 ille
1436 1070 1566 1108 relicta
1585 1070 1696 1107 sindo

1250 1135 1298 1161 ne
1318 1122 1411 1172 fugit
1431 1124 1557 1162 nudus
1577 1125 1626 1161 ab
1646 1126 1701 1162 eis

1250 1177 1334 1214 ⁵³Et
1355 1177 1594 1215 adduxerunt
1613 1178 1692 1215 ihm

1251 1230 1299 1268 ad
1319 1231 1531 1280 principem
1551 1243 1657 1270 sacer

1251 1284 1386 1321 dotum
1442 1292 1479 1322 et
1498 1297 1623 1323 conue

1251 1345 1388 1375 nerunt
1407 1339 1588 1388 principis
1608 1351 1651 1376 sa

1250 1391 1449 1429 cerdotum
1469 1399 1505 1430 et
1526 1393 1648 1430 scribe

1249 1452 1286 1482 et
1305 1446 1474 1483 seniores
1610 1444 1744 1498 [seque

1249 1499 1333 1535 ⁵4Et
1353 1506 1482 1548 petrus
1502 1511 1524 1536 a
1544 1499 1659 1548 longe

1250 1553 1359 1590 batur
1378 1564 1499 1602 usque
1519 1553 1619 1591 intus

1249 1691 1299 1728 iN
1321 1693 1458 1729 atrium
1478 1693 1600 1741 princi

1249 1746 1308 1795 pis
1329 1746 1569 1784 sacerdotum
1589 1753 1625 1783 et

1249 1799 1384 1837 sedens
1405 1812 1493 1837 cum
1514 1800 1626 1838 minis

1249 1854 1313 1891 tris
1333 1854 1575 1892 calefaciebat
1596 1866 1634 1891 se

1249 1907 1295 1944 ad
1317 1908 1446 1956 ignem

1249 1962 1275 1981 ⁵⁵
1284 1961 1465 2011 Principis
1486 1968 1613 1998 autem
1639 1973 1745 1999 sacer

1250 2015 1382 2053 dotum
1403 2022 1439 2053 et
1459 2016 1667 2052 uniuersu-

1249 2069 1454 2106 concilium
1474 2070 1674 2118 quereba-

1250 2123 1433 2160 aduersus
1453 2123 1531 2159 ihm
1552 2129 1608 2160 tes

1249 2177 1451 2213 timonium
1472 2184 1512 2213 ut
1532 2189 1622 2214 eum

1250 2231 1362 2267 morti
1382 2230 1513 2268 darent
1532 2238 1567 2268 et
1587 2236 1667 2268 no*

1249 2284 1494 2321 inueniebant
1513 2284 1627 2322 ⁶⁶mul

1250 2338 1275 2375 ti
1296 2346 1422 2375 autem
1443 2338 1620 2375 dicebant

1251 2391 1406 2429 Falsum
1425 2392 1616 2430 testimoni

1250 2457 1316 2482 um
1336 2445 1518 2482 aduersus
1537 2457 1627 2482 eum

1250 2505 1286 2536 et
1306 2511 1385 2536 non
1405 2506 1511 2536 erant
1531 2511 1605 2537 con

1250 2553 1439 2590 uenientia
1457 2553 1608 2590 testimo

1251 2607 1312 2644 nia
1474 2607 1543 2643 ⁵⁷et
1563 2607 1624 2644 alii

1249 2667 1474 2709 exurgentes
1495 2660 1619 2698 falsu-

1248 2714 1507 2752 testimonium
1526 2714 1609 2751 dice

1249 2770 1341 2805 bant
1361 2769 1546 2806 aduersus
1566 2774 1645 2805 eu*-

1249 2822 1419 2859 dicentes

1248 2876 1478 2922 ⁵⁸Quoniam
1499 2887 1570 2913 nos
1590 2875 1678 2912 audi

1248 2930 1372 2967 nimus
1392 2929 1495 2967 hunc
1515 2929 1705 2966 dicentem

2037 192 2129 246 [xlv.
2153 201 2242 244 29-6
2248 208 2277 243 7.

1780 321 1866 370 Ego
1887 322 2079 359 destruam
2100 328 2166 360 te-

1780 376 1888 424 plum
1908 376 1947 412 di
1966 388 2085 413 manu
2104 375 2164 414 fac

1781 435 1865 465 tum
1884 436 1921 466 et
1940 436 2028 478 post
2048 430 2216 467 triduum

1780 482 1872 519 illud
1893 483 2085 520 suscitabo
2105 491 2188 520 no-

1781 547 1899 573 manu
1918 536 2061 574 factum
2079 537 2133 574 ⁵⁹e
2154 542 2240 575 no-

1780 596 1887 626 erant
1906 590 2056 639 equalia
2075 596 2132 628 tes

1781 642 1936 679 timonia
1956 643 2108 681 illorum

1779 695 1861 732 ⁶⁰Et
1881 708 2070 744 exurgens
2097 697 2276 747 princeps

1780 749 2020 786 sacerdotum
2039 750 2078 786 in
2097 763 2160 789 me

1780 801 1885 838 dium
1905 803 2097 851 interroga

1781 856 1845 892 bat
1864 856 1944 892 ihm
1964 857 2095 894 dicens
2115 865 2198 895 no·-

1780 910 2016 958 respondens
2036 910 2155 948 aduer

1781 975 1867 1000 sum
1886 976 1931 1000 ea
1950 976 2024 1013 que
2041 965 2107 1001 tibi
2126 965 2189 1002 obi

1780 1017 1898 1054 cietur
1918 1018 1966 1054 ab
1986 1017 2042 1055 his
2080 1017 2174 1055 ⁶¹ille

1780 1078 1907 1107 autem
1928 1072 2046 1109 tacuit
2065 1079 2102 1109 et
2121 1072 2160 1108 ni

1779 1123 1831 1161 hil
1852 1125 2046 1173 respondit
2066 1125 2158 1162 itera

1779 1185 1819 1215 to
1840 1178 1888 1215 ait
1908 1185 1949 1215 tu
1969 1191 2011 1216 es
2030 1183 2103 1228 xps
2122 1179 2222 1217 filius

1779 1232 1967 1269 benedicti

1779 1285 1879 1323 ‘³²th
1900 1297 1990 1323 uero
2011 1286 2222 1335 respondes

1780 1339 1830 1376 ait
1849 1339 1900 1375 illi
1920 1352 1993 1388 ego
2016 1352 2100 1377 sum
2120 1347 2157 1377 et

1779 1393 1956 1430 uidebitis
1977 1393 2094 1430 filiurn
2116 1393 2166 1432 ho

1780 1446 1891 1483 minis
1912 1446 2107 1483 sedentem

1779 1500 1829 1537 ad
1849 1499 2042 1537 dexteram
2061 1500 2101 1537 di
2120 1507 2156 1538 et

1780 1553 1998 1591 uenientem
2017 1566 2106 1592 cum

1781 1692 1959 1731 Nubibus
1980 1693 2074 1731 caeli

1778 1747 1984 1785 ⁶³Audiens
1997 1747 2089 1785 haec
2102 1759 2276 1786 summus

1779 1801 1958 1838 sacerdos
1979 1802 2086 1839 scidit
2107 1814 2174 1839 ues

1779 1855 1936 1892 timenta
1955 1867 2024 1892 sua
2043 1863 2080 1893 et
2099 1856 2149 1894 ait

1781 1909 1871 1957 quid
1892 1909 2016 1946 adhuc
2037 1921 2135 1958 opus
2155 1909 2204 1946 ha

1780 1963 1914 1999 bemus
1935 1963 2092 1999 testibus
2130 1964 2214 2000 6⁴¹au

1781 2016 1884 2053 distis
1904 2015 2182 2065 blasphemiam

1780 2070 1871 2119 quid
1892 2071 2002 2108 uobis
2022 2071 2174 2108 uidetur

1780 2123 1830 2160 Et
1851 2135 1987 2161 omnes
2007 2124 2172 2162 condem

1780 2184 1967 2214 nauerunt
1987 2190 2077 2214 eum
2097 2190 2136 2214 re

1780 2243 1847 2266 um
1867 2232 1997 2268 mortis

1779 2285 1807 2305 ⁶5
1814 2284 1864 2321 Et
1883 2291 2089 2334 coeperunt
2109 2284 2265 2334 quidam

1780 2350 1992 2387 conspuere
2013 2350 2102 2375 eum
2122 2345 2159 2375 et

1780 2391 1949 2429 uelantes
1969 2392 2105 2429 faciem
2123 2393 2204 2430 eius

1780 2445 1950 2495 colaphis
1970 2458 2082 2495 agere
2102 2454 2139 2483 et

1779 2499 1904 2536 dicere
1924 2500 2105 2548 profetiza
2124 2507 2161 2538 et

1780 2553 1936 2590 ministri
1955 2566 2044 2591 cum
2064 2554 2188 2591 uolu-

1779 2613 1854 2644 tate
1875 2607 1991 2657 alapis
2010 2619 2100 2644 eum
2120 2620 2164 2645 ce

1780 2661 1922 2698 debant

1779 2715 1806 2734 ⁶⁶
1815 2715 1863 2751 Et
1883 2720 2012 2763 petrus
2032 2726 2120 2751 curn
2139 2721 2239 2751 esset

1778 2768 1817 2804 in
1837 2768 1974 2805 atrium
1993 2768 2095 2804 uenit
2115 2767 2165 2804 ad

1778 2821 1884 2858 illum
1904 2833 1980 2857 una
2000 2833 2046 2857 ex
2067 2820 2165 2858 ancil

1778 2875 1823 2912 lis
1843 2874 1982 2912 summi
2002 2874 2160 2912 sacerdo

1779 2929 1825 2965 tis
1917 2929 1985 2965 ⁶⁷et
2005 2939 2094 2966 cum
2114 2927 2218 2966 uidis
