2504 3382
181 195 232 229 80

178 278 261 307 Fol.
277 279 354 310 157.

179 319 271 357 Lius
290 319 454 357 hominis
474 321 512 357 in
532 327 589 358 ter

177 386 219 411 ra
238 373 449 411 dimittendi
469 386 588 422 pecca

176 433 215 464 ta
235 427 286 464 ait
306 427 513 476 paralytico
532 427 559 447 Π
570 427 633 464 tibi

176 480 263 518 dico
283 492 396 529 surge
417 480 506 517 tolle
525 492 593 528 gra

175 534 323 570 battum
341 540 449 570 tuum
469 540 505 570 et
525 545 573 570 ua

175 587 223 624 de
244 587 282 623 in
302 587 460 624 domum
481 593 586 623 tuam

175 639 202 661 ¹²
213 640 280 677 Ille
299 651 393 677 uero
413 652 572 689 surgens
593 648 649 677 sta

173 693 240 731 tim
262 693 410 731 sublato
429 695 603 743 grabatto

175 759 246 784 suo
268 759 398 784 coram
420 748 598 784 omnibus

174 801 264 839 abiit
283 801 332 838 ita
351 807 392 838 ut
411 800 626 839 admirare-

173 860 232 891 tur
252 865 387 891 omnes
408 860 443 890 et
464 855 568 892 hono

171 908 359 944 rificarent
379 907 445 944 dm
466 908 579 945 dice*

172 968 228 997 tes
248 962 430 1009 quoniam
451 973 544 997 num

172 1026 290 1063 quam
309 1014 427 1050 taliter
446 1014 611 1051 uidimus

171 1067 255 1104 ¹³Et
275 1068 363 1104 exiit
383 1067 439 1104 ihs
460 1068 594 1104 iterum
615 1067 663 1105 ad

171 1133 274 1157 mare
295 1128 332 1158 et
352 1121 475 1158 omnis
498 1128 556 1157 tur

170 1175 242 1211 bae
262 1175 469 1211 ueniebant
489 1174 539 1211 ad
559 1180 635 1212 eu·-

169 1234 207 1264 et
228 1227 389 1265 docebat
411 1240 476 1265 eos

169 1281 252 1319 ¹⁴Et
271 1293 358 1318 cum
379 1282 573 1330 preteriret
594 1282 632 1319 ui

169 1335 223 1372 dit
242 1335 421 1372 iacobum
442 1334 565 1384 alphei

170 1388 364 1425 sedentem
385 1389 433 1426 ad
453 1388 556 1426 thelo

170 1454 287 1479 neum
342 1449 379 1479 et
399 1443 449 1479 ait
469 1442 519 1479 illi
541 1454 580 1478 se

168 1507 284 1544 quere
304 1507 366 1532 me
386 1503 422 1533 et
442 1501 649 1545 exsurge-s

168 1555 319 1586 secutus
339 1556 395 1586 est
417 1561 505 1587 eum

171 1703 209 1729 m
219 1688 303 1726 ¹⁵Et
304 1689 457 1738 saelum
471 1694 524 1726 est
533 1690 662 1726 dz'scu*

167 1742 343 1780 bentibus
362 1743 431 1780 illis
450 1744 489 1779 in
510 1743 560 1781 do

166 1808 232 1834 mo
253 1797 334 1834 eius
354 1796 460 1834 multi
481 1797 585 1846 publi

167 1850 251 1887 cani
273 1857 309 1887 et
329 1858 550 1899 peccatores

167 1904 280 1940 simul
301 1905 570 1941 recunbeba'‘t

166 1969 253 1994 cum
274 1957 338 1994 ihu
387 1965 422 1995 et
444 1959 588 2007 discipu

165 2009 191 2047 li
211 2011 292 2048 eius
311 2018 416 2048 erant
436 2013 538 2048 enirn

166 2064 274 2101 multi
294 2065 359 2113 qui
380 2072 415 2101 et
435 2065 552 2103 secuti

167 2123 274 2155 erant
293 2129 381 2154 eum

166 2170 355 2208 ¹⁶Scribae
376 2179 502 2208 autem
523 2180 559 2210 et
583 2172 660 2222 pha

166 2224 252 2262 risei
271 2225 446 2262 uiderunt
465 2226 553 2275 quia

165 2290 250 2315 curn
273 2279 484 2327 publicanis
504 2287 540 2317 et

164 2332 434 2380 peccatoribus
455 2345 546 2370 man

165 2385 279 2423 ducat
343 2393 380 2423 et
399 2386 561 2424 diceba*

165 2438 360 2488 discipulis
380 2440 459 2477 eius
479 2452 555 2489 qua

165 2504 205 2529 re
226 2505 313 2530 curn
333 2494 550 2542 publicanis

165 2553 201 2583 et
221 2548 488 2594 peccatoribus

166 2600 373 2637 manducat

167 2651 267 2689 ¹⁷Ihs
287 2661 413 2691 autem
432 2653 506 2692 hoc
527 2655 659 2693 audito

167 2704 260 2742 dixit
280 2718 357 2743 non
376 2713 490 2755 egent
510 2720 551 2745 sa

167 2758 206 2794 ni
226 2759 394 2796 medicus
415 2761 480 2797 sed
500 2763 565 2811 qui

167 2812 266 2849 male
286 2812 426 2850 habent
446 2825 524 2851 non

167 2866 270 2902 enim
289 2877 426 2903 uocare
446 2868 533 2904 ueni

166 2919 284 2957 iustos
304 2919 369 2957 sed
390 2928 611 2969 peccatores

411 189 820 229 EUANGELJUM
843 190 953 229 SEC

704 318 786 356 ¹⁸Et
806 326 913 355 erant
935 318 1107 368 discipuli
1128 319 1166 357 io

703 371 838 409 hannis
859 379 895 409 et
914 372 1078 421 pharisei

703 425 914 463 ieiunantes
934 433 969 463 et
991 427 1130 463 uenie-

702 485 759 516 tes
779 478 955 516 dixerunt
975 480 1026 516 illi
1047 492 1124 529 qua

701 544 742 569 re
763 532 935 581 discipuli
955 533 1129 571 iohannis

701 592 737 622 et
757 586 918 634 pharisei
938 587 1105 623 ieiunant

700 639 986 677 ¹⁹Aitillisetihs
1008 640 1195 689 numquid

701 699 862 742 possunt
882 693 931 730 fili
952 694 1082 742 sponsi
1103 694 1136 730 ie

701 747 832 784 iunare
853 747 1037 796 quamdiu
1058 752 1156 795 spo*

701 811 765 837 sus
786 811 874 837 cum
894 800 964 837 illis
984 807 1038 837 est
1059 799 1159 837 ²⁰sed

700 854 855 890 uenient
874 853 952 890 dies
973 865 1062 890 cum
1083 865 1130 890 au

700 906 840 943 feretur
860 907 908 943 ab
929 907 982 943 eis
1004 918 1103 955 spon

700 971 763 996 sus
783 966 818 996 et
838 965 929 996 tunc
950 960 1155 997 ieiunabu*

700 1013 738 1048 in
759 1012 821 1049 illa
843 1012 903 1049 die

698 1065 769 1102 21Ν
773 1077 860 1103 emo
881 1072 1009 1104 autem
1029 1066 1123 1103 adsu

697 1126 871 1156 mentum
892 1132 1037 1157 nouum

697 1174 815 1222 panni
837 1173 958 1211 adsuit
978 1174 1074 1211 uesti

698 1234 830 1263 mento
850 1228 971 1265 ueteri
992 1227 1065 1264 alio

698 1281 791 1329 quin
811 1281 906 1318 tollit
927 1281 1156 1330 suppleme-

697 1340 778 1371 tum
798 1346 942 1371 nouum
963 1347 985 1371 a
1008 1342 1092 1372 uete

697 1388 725 1424 ri
747 1395 783 1424 et
802 1388 924 1425 maior
945 1389 983 1425 fit
1006 1389 1078 1425 scis

697 1453 785 1478 sura
893 1441 964 1478 ²²et
985 1454 1100 1479 nemo

695 1495 808 1532 mittit
826 1495 959 1531 uinum
979 1507 1124 1532 nouum

695 1549 733 1585 in
754 1555 856 1586 utres
875 1550 1011 1586 ueteris
1032 1549 1104 1586 alio

697 1689 802 1736 Quin
823 1690 1025 1739 disrumpit
1045 1690 1081 1727 ui

696 1756 789 1781 num
809 1751 910 1781 utres
931 1751 967 1780 et
987 1744 1122 1780 uinum

696 1804 732 1834 et
752 1805 854 1835 utres
876 1799 1051 1846 peribunt

699 1850 965 1888 [71‘22Faclu722
986 1856 1038 1887 est
1055 1855 1171 1888 aulem

694 1905 831 1942 iterum
853 1917 942 1942 eum
963 1906 1083 1942 sabba

695 1959 741 1995 tis
762 1959 921 1996 transire
943 1971 1011 2007 per
1031 1970 1120 2007 sege

694 2018 772 2049 tem
793 2012 966 2061 discipuli
986 2024 1080 2050 uero

694 2066 775 2102 eius
795 2073 1005 2115 coeperunt
1025 2066 1086 2103 uel

693 2119 768 2156 lere
790 2120 915 2169 spicas
936 2127 972 2157 et
991 2131 1081 2157 man

694 2172 832 2210 ducare

692 2226 919 2264 ²⁴Pharisaei
939 2233 1065 2265 autem
1086 2226 1169 2265 dice

693 2280 758 2317 bat
774 2281 826 2317 eis
875 2293 963 2318 ecce
985 2281 1077 2330 quid

693 2333 834 2371 faciunt
855 2335 1023 2372 sabbatis
1044 2334 1101 2371 dis

694 2388 809 2436 cipuli
830 2388 881 2424 tui
902 2388 1007 2437 quod
1027 2399 1106 2424 non

692 2440 779 2478 licet
797 2442 851 2479 eis

692 2494 777 2531 2⁵Et
797 2494 890 2532 dixit
910 2495 981 2532 illis
1001 2507 1072 2532 nec
1093 2494 1167 2532 hoc

692 2547 835 2597 legistis
855 2549 949 2597 quid
968 2548 1047 2586 fece

692 2602 738 2639 rit
758 2602 872 2639 dauid
891 2614 980 2639 cum
1003 2615 1115 2641 neces

693 2656 843 2693 sitatem
863 2656 994 2693 habuit
1013 2662 1050 2693 et
1070 2669 1137 2694 esu

693 2710 753 2746 riit
774 2713 856 2758 ipse
887 2716 923 2747 et
947 2711 1011 2759 qui
1033 2722 1120 2747 cum
1142 2710 1167 2748 il

693 2762 729 2800 lo
751 2769 832 2800 erat
864 2764 890 2784 ²¹³
901 2764 1100 2813 quomodo
1121 2765 1161 2801 in

692 2818 820 2854 troiuit
840 2817 879 2854 in
899 2818 1059 2854 domum
1079 2817 1118 2855 di

693 2876 729 2906 et
749 2870 994 2909 manducauit
1014 2883 1063 2921 pa

693 2935 761 2961 nes
782 2925 1061 2973 propositiones
1081 2932 1117 2962 et

1661 192 1934 232 MARCUM
2008 191 2066 246 [11.
2090 207 2213 233 10—111.
2236 210 2286 243 19.

1270 277 1351 307 F'ol.
1367 278 1445 307 158.

1271 317 1386 357 Dedit
1406 320 1459 357 eis
1479 319 1546 369 qui
1566 331 1654 358 cum
1675 320 1700 357 il

1266 373 1304 410 lo
1324 380 1431 410 erant
1451 385 1548 421 quos
1568 385 1648 411 non
1666 374 1691 410 li

1265 427 1376 463 cebat
1395 426 1626 464 manducare
1647 427 1716 465 nisi

1266 479 1526 517 sacerdotibus

1264 533 1398 570 ²³Dico
1412 539 1537 570 autem
1547 533 1760 571 uobisfilius

1263 586 1429 624 hominis
1451 587 1537 624 dms
1557 593 1612 624 est
1633 587 1734 624 etia-

1265 641 1412 677 sabbati

1268 703 1343 729 UIII
1354 702 1371 731 3
1386 694 1398 713 ¹
1405 693 1451 731 E
1447 698 1463 730 l
1473 695 1619 731 introiit
1628 695 1758 731 ilerum

1263 747 1301 783 in
1322 759 1559 796 synagogam
1579 754 1615 785 et

1262 807 1341 837 erat
1360 801 1410 837 ibi
1431 801 1549 838 homo
1568 801 1714 839 habens

1263 865 1422 890 manum
1444 854 1588 891 aridam

1263 907 1332 944 2Et
1351 908 1606 944 obseruabant
1626 920 1713 944 eum

1263 961 1291 997 si
1312 961 1478 998 sabbatis
1499 969 1674 999 curarent

1262 1020 1302 1051 ut
1323 1014 1549 1052 adcusarent
1569 1027 1657 1052 eum

1263 1067 1331 1104 3Et
1344 1068 1394 1105 ait
1408 1068 1466 1105 ihs
1474 1068 1695 1118 hominiqui
1709 1068 1758 1107 ha

1262 1122 1378 1159 bebat
1398 1134 1558 1159 manum
1579 1123 1713 1160 arida-

1263 1187 1376 1223 surge
1396 1176 1434 1212 in
1454 1176 1622 1213 medium

1262 1229 1331 1266 4Et
1352 1229 1402 1266 ait
1422 1230 1470 1266 ad
1490 1230 1573 1267 illos
1593 1230 1651 1266 ihs
1671 1230 1757 1268 licet

1262 1283 1430 1320 sabbatis
1450 1284 1548 1320 bene
1570 1283 1691 1321 facere

1261 1343 1325 1373 aut
1344 1337 1443 1374 male
1463 1337 1632 1374 animam
1653 1337 1708 1374 sal

1261 1401 1350 1427 uam
1369 1390 1492 1427 facere
1513 1403 1562 1427 an
1582 1403 1650 1439 per

1262 1443 1351 1480 dere
1372 1444 1420 1480 ad
1440 1444 1490 1480 illi
1511 1445 1688 1481 tacebant

1261 1496 1329 1534 ⁵Et
1350 1497 1658 1546 circumspiciens
1678 1509 1746 1535 eos

1261 1562 1349 1588 cum
1369 1551 1634 1600 indignatione

1261 1689 1518 1727 Contristatus
1539 1697 1596 1728 est
1616 1702 1660 1728 su

1259 1756 1327 1792 per
1350 1743 1456 1780 illum
1477 1751 1513 1781 et
1534 1756 1643 1782 emor

1259 1805 1323 1834 tua
1344 1797 1494 1834 illorum
1516 1799 1635 1835 corda

1257 1851 1349 1888 dixit
1369 1850 1514 1889 homini
1534 1859 1646 1889 exten

1259 1905 1306 1942 de
1326 1917 1483 1942 manum
1505 1913 1609 1942 tuam
1630 1912 1667 1944 et

1256 1959 1426 1996 extendit
1447 1965 1483 1996 et
1504 1960 1635 1997 restitu

1257 2019 1295 2050 ta
1315 2020 1371 2050 est
1391 2025 1529 2050 manus
1549 2014 1630 2051 eius
1651 2020 1709 2051 sta

1256 2066 1324 2103 tim

1386 2129 1397 2149 1

1256 2163 1326 2200 ⁶Et
1347 2171 1508 2200 exerunt
1528 2163 1693 2212 pharisei

1256 2228 1344 2254 cum
1364 2217 1581 2254 herodianis
1603 2225 1678 2255 co-

1256 2271 1382 2307 silium
1403 2271 1593 2308 faciebant
1613 2271 1661 2308 ad

1256 2336 1387 2362 uersus
1407 2337 1496 2361 eum
1517 2332 1556 2362 ut
1578 2325 1669 2362 illu-

1255 2378 1458 2426 perderent

1255 2431 1341 2468 ⁷1hs
1360 2439 1487 2469 autem
1508 2433 1662 2469 secessit
1677 2439 1752 2470 cu*

1256 2485 1448 2535 discipulis
1468 2486 1545 2522 suis
1565 2486 1613 2522 ad
1633 2498 1697 2524 ma

1256 2551 1295 2575 re
1476 2546 1512 2576 et
1532 2546 1590 2576 tur

1256 2593 1305 2629 ba
1325 2592 1443 2629 multa
1465 2604 1486 2629 a
1505 2593 1641 2641 galilea

1256 2653 1292 2683 et
1312 2646 1424 2683 iudea
1444 2646 1501 2684 8et
1521 2647 1569 2683 ab
1590 2646 1695 2684 ibero

1256 2700 1412 2749 solymis
1451 2707 1487 2737 et
1507 2701 1555 2737 ab
1576 2700 1641 2736 idu

1254 2765 1341 2790 mea
1361 2762 1397 2790 et
1419 2760 1522 2790 trans
1543 2754 1652 2791 iorda

1255 2820 1331 2844 nen
1350 2814 1387 2844 et
1407 2807 1454 2844 de
1475 2808 1574 2845 circa
1594 2813 1705 2856 tyru-

1253 2872 1289 2898 et
1309 2861 1494 2909 sydonem
1515 2861 1623 2898 multi

1255 2915 1346 2951 tudo
1366 2926 1508 2963 magna
1527 2914 1666 2951 audie-

1255 2975 1310 3005 tes
1330 2980 1405 3016 que
1424 2968 1613 3005 faciebant

1794 320 1996 359 Uenerunt
2016 322 2064 360 ad
2085 335 2174 360 eum

1797 384 1889 411 UHH
1905 374 1981 412 ⁹Et
2003 377 2109 414 dixit
2130 377 2189 414 z'h's
2213 377 2288 414 dis-

2137 428 2288 482 [cipalis

1794 481 1870 519 suis
1885 488 1926 519 ut
1945 482 2164 520 nauiculam

1793 535 1863 571 sibi
1883 535 2126 584 prouiderent
2147 549 2244 586 prop

1793 594 1850 624 ter
1868 589 2019 625 turbam
2039 602 2088 627 ne
2109 603 2182 627 con

1792 641 1997 689 primerent
2014 655 2101 680 eum
2121 644 2200 681 mul

1793 694 1914 731 titudo
1961 695 2134 734 ¹⁰multos
2155 698 2246 734 eni*

1795 748 1942 785 sanauit
1961 748 2012 784 ita
2033 757 2072 785 ut
2093 750 2198 788 inrue

1793 808 1877 838 rent
1895 801 1934 838 in
1954 813 2043 838 eum
2081 813 2120 839 ut
2140 804 2235 841 illu-

1793 861 1992 903 tangerent
2048 856 2151 905 quod

1793 908 1897 957 quod
1917 908 2082 946 habebat
2101 910 2234 959 plagas

1792 962 1818 982 ¹¹
1829 962 1894 999 sed
1916 969 1951 999 et
1973 965 2038 1010 sps
2059 964 2233 1001 inmundi

1792 1027 1879 1053 cum
1900 1016 2004 1053 illum
2026 1017 2198 1054 uiderent

1791 1070 2040 1118 procidebant
2061 1071 2093 1107 ei
2113 1078 2149 1108 et

1791 1123 2059 1161 exclamabant
2079 1124 2189 1162 dice-

1790 1183 1848 1215 tes
1868 1184 1908 1213 tu
1928 1189 1968 1214 es
1987 1178 2084 1215 filius
2104 1178 2143 1215 di
2162 1178 2235 1215 ¹²et

1791 1231 2088 1269 conminabatur
2108 1232 2162 1269 eis

1790 1296 1838 1321 ne
1858 1296 1946 1321 eum
1966 1285 2165 1323 manifesta

1790 1344 1846 1374 ret
1866 1338 2035 1376 sciebant
2058 1340 2160 1376 enim

1790 1403 1879 1428 eum

1789 1444 1873 1481 1³Et
1894 1446 2065 1483 ascendit
2085 1446 2124 1482 in
2144 1458 2237 1484 mon

1790 1505 1868 1534 tem
1889 1506 1924 1534 et
1944 1500 2097 1536 uocauit
2118 1500 2167 1536 ad

1791 1563 1831 1588 se
1848 1563 1944 1600 quos
1964 1552 2083 1590 uoluit
2104 1553 2187 1602 ipse

1790 1611 1827 1642 et
1847 1613 2033 1643 uenerunt
2054 1607 2102 1644 ad
2123 1619 2211 1644 eum

1790 1691 1875 1729 1“Et
1895 1691 1981 1730 fecit
2001 1699 2040 1729 ut
2060 1702 2186 1730 essent
2207 1693 2285 1730 duo

1789 1745 1914 1783 decim
1933 1758 2021 1784 cum
2040 1746 2104 1784 illo
2122 1757 2162 1784 ut

1789 1800 1952 1837 mitteret
1973 1812 2037 1837 eos
2058 1801 2163 1849 predi

1790 1865 1876 1891 care
1898 1854 2142 1902 euangelium

1787 1906 1858 1944 ¹⁵et
1879 1907 1980 1944 dedit
2000 1908 2070 1945 illis
2090 1915 2239 1957 potesta

1787 1967 1866 1998 tem
1886 1962 2042 1998 curandi
2063 1962 2192 1999 ualetu

1787 2014 1886 2052 dinis
1907 2021 1943 2051 et
1963 2015 2124 2052 eiciendi
2145 2016 2192 2052 de

1786 2068 1993 2106 monia¹⁶et
2005 2069 2129 2118 posuit
2138 2075 2283 2107 nome*

1787 2123 1926 2159 simoni
1946 2130 2096 2171 petrum
2128 2122 2199 2160 ¹⁷et

1784 2176 1964 2213 iacobum
1985 2175 2165 2213 zebedaei

1784 2235 1823 2266 et
1842 2229 2048 2267 iohannem
2068 2230 2210 2268 fratre-

1783 2282 1908 2320 iacobi

1783 2335 1834 2374 Et
1854 2337 2017 2385 inposuit
2038 2337 2108 2374 illis
2128 2337 2233 2374 nomi

1786 2402 1837 2426 na
1856 2390 2095 2439 boanerghes
2116 2391 2221 2440 quod

1784 2451 1840 2480 est
1858 2444 1922 2480 filii
1943 2444 2113 2481 tronitrui
2144 2444 2216 2483 ¹⁸et

1784 2497 1993 2534 andreham
2030 2505 2067 2535 et
2086 2497 2151 2546 phi

1783 2551 1932 2600 lippum
1987 2557 2025 2589 et
2044 2551 2180 2589 bartho

1784 2604 1955 2642 lomeum
2011 2613 2048 2642 et
2068 2605 2174 2642 mhat

1785 2665 1891 2696 teum
1947 2665 1984 2695 et
2005 2658 2166 2696 thorna-

1783 2719 1820 2749 et
1840 2712 2018 2749 iacobum
2039 2712 2164 2760 alphei

1783 2772 1819 2803 et
1839 2765 2019 2802 lebbeum
2050 2772 2086 2801 et
2107 2765 2206 2802 simo

1783 2830 1872 2856 nem
1892 2818 2132 2855 chananeum

1782 2872 1853 2908 ¹⁹et
1872 2872 2002 2908 iudam
2021 2871 2185 2909 scarioht

1782 2925 1846 2974 qui
1867 2933 1902 2962 et
1922 2925 2075 2963 tradidit
2095 2925 2199 2962 illurn
