2504 3382
295 176 575 230 xxV11.20-58.]
632 179 1045 219 EUANGELIUM
1075 183 1184 223 SEC

292 265 373 295 1¹01.
392 267 448 297 37.

293 307 323 327 ²⁰
336 307 521 356 Principis
537 315 664 346 autem
681 321 788 348 sacer

293 360 427 398 dotum
448 367 485 398 et
505 362 675 400 seniores

293 422 561 463 persuaserunt
580 416 725 465 populo

292 474 332 504 ut
352 474 499 517 peteret
519 469 727 507 barabbam

292 521 373 558 ihm
393 533 484 560 uero
505 523 708 571 perderent

291 573 319 595 ²¹
333 574 589 625 Respondens
608 584 734 615 autem

291 640 419 677 preses
439 630 489 666 ait
509 630 578 667 illis
600 643 713 680 quem

291 682 403 719 uultis
424 683 535 721 uobis
556 683 603 721 de
625 685 775 721 duobus

290 734 479 774 dimittam
589 738 637 775 ad
657 738 705 774 illi
727 738 765 775 di

291 796 427 826 xerunt
448 790 660 828 barabbam

289 841 318 864 ²²
332 841 435 880 Dicit
455 844 505 880 illi
526 844 662 893 pilatus
677 845 769 895 quid

290 908 382 945 ergo
403 896 586 935 faciemus
608 898 686 936 ihm

289 951 353 998 qui
374 950 509 988 dicitur
529 954 601 1000 xps

288 1002 435 1041 Dicunt
455 1016 589 1042 omnes
609 1006 712 1043 cruci

291 1056 427 1105 figatur
674 1056 780 1110 [eni-

287 1109 316 1131 ²³
327 1110 392 1147 Ait
416 1109 483 1147 illis
504 1122 632 1159 preses
653 1112 743 1160 quid

287 1163 386 1200 male
406 1163 493 1201 fecit
592 1164 640 1201 ad
656 1165 706 1202 illi
719 1177 784 1204 ma

287 1217 348 1265 gis
368 1216 586 1255 clamabant
606 1218 736 1256 dicens

287 1270 390 1307 cruci
411 1270 548 1319 figatur

285 1323 314 1344 ²⁴
327 1323 472 1361 Uidens
493 1330 619 1362 autem
643 1324 781 1373 pilatus

283 1377 374 1426 quia
395 1377 487 1414 nihil
507 1378 666 1428 profecit

284 1431 353 1468 sed
374 1432 495 1480 magis
516 1432 719 1470 tumultum

284 1484 365 1521 fieri
421 1493 577 1534 accepta
596 1498 697 1535 aqua

284 1537 374 1575 lauit
393 1550 531 1577 manus
551 1551 639 1577 suas
660 1546 779 1578 cora-

284 1622 436 1672 Populo
457 1623 589 1662 dicens
609 1625 703 1662 inno

282 1689 376 1715 cens
395 1690 468 1725 ego
489 1689 575 1715 sum
595 1691 617 1715 a
637 1691 706 1716 san

281 1731 396 1778 guine
417 1731 528 1769 huius
548 1744 619 1770 uos
639 1733 677 1769 ui

281 1783 409 1821 deritis

280 1836 307 1856 ²⁵
319 1837 368 1874 Et
388 1838 626 1886 respondens
646 1840 711 1877 uni

281 1902 393 1928 uersa
413 1893 523 1929 turba
537 1892 629 1930 dixit
649 1901 721 1931 sa*

279 1945 364 1992 guis
384 1945 464 1982 eius
486 1957 598 1994 super
617 1959 688 1984 nos

279 2004 317 2035 et
339 2010 451 2048 super
470 1999 566 2036 filios
587 2008 737 2039 nostros

277 2049 306 2072 ²⁸
319 2051 433 2089 Tunc
447 2053 585 2090 dimisit
598 2054 668 2091 illis
683 2055 773 2092 bara

277 2106 366 2142 bam
386 2106 464 2143 ihm
481 2118 573 2144 uero
593 2108 705 2157 flagel

276 2158 322 2196 lis
342 2171 498 2197 caesum
518 2161 668 2199 tradidit

277 2213 332 2250 eis
352 2219 392 2250 ut
412 2214 514 2251 cruci
534 2226 622 2251 eum
643 2215 668 2252 fi

275 2273 408 2314 gerent

276 2319 304 2340 ²⁷
317 2320 430 2357 Tunc
449 2320 575 2358 militis
595 2323 754 2370 presidis

275 2381 524 2422 susceperunt
545 2375 622 2412 ihm
644 2377 682 2412 in

275 2428 441 2475 pretorio
461 2434 498 2465 et
518 2440 661 2477 congre

274 2487 463 2529 gauerunt
483 2481 532 2518 ad
552 2494 639 2519 eum

274 2534 453 2570 uniuersa
472 2534 657 2573 cohorte-

273 2585 300 2607 ²⁰
316 2594 353 2624 et
372 2587 575 2626 induerunt
595 2601 684 2626 eum

273 2641 442 2678 tunicam
463 2649 681 2691 purpurea-

273 2701 310 2731 et
330 2693 531 2732 clamidem
553 2697 660 2734 cocci

272 2759 386 2785 neam
405 2748 647 2787 circumdede

271 2808 356 2838 runt
371 2802 405 2838 ei
493 2802 520 2823 2⁹
536 2811 573 2840 et
593 2811 768 2844 corona-

271 2854 319 2892 de
339 2855 459 2904 spinis
473 2864 684 2906 posuerunt

825 309 948 361 Super
967 319 1080 362 caput
1100 314 1180 353 eius

823 371 859 402 et
879 366 1104 404 arundinem
1125 368 1162 404 in

823 417 1019 456 dexteram
1038 421 1117 458 eius
1137 428 1173 459 et

822 472 1131 521 adgeniculantes

821 536 861 562 se
881 533 967 563 ante
983 539 1070 564 eum
1090 528 1176 565 delu

821 579 963 617 debant
983 592 1069 617 eum
1087 581 1200 618 dicen

820 638 876 669 tes
896 632 993 670 haue
1009 646 1074 671 rex
1091 635 1206 672 iudeo

820 697 904 722 rum
959 686 988 707 ³⁰
1000 694 1036 724 et
1056 695 1267 737 expuentes

818 739 857 776 in
880 752 968 777 eum
988 740 1220 790 adceperunt

820 793 1046 830 arundinem
1066 802 1101 832 et
1121 807 1189 844 per

820 847 1018 885 cutiebant
1039 855 1153 897 caput
1174 849 1254 886 eius

819 899 846 919 ³¹
860 900 909 937 Et
929 913 1118 950 posquam
1139 903 1259 940 inluse

820 960 908 991 runt
927 966 1015 991 eum
1037 963 1223 993 exuerunt

818 1018 906 1043 eum
927 1008 1129 1046 clamidem
1148 1017 1185 1047 et

818 1060 1025 1098 induerunt
1045 1075 1134 1099 eum
1154 1075 1222 1101 ues

817 1113 973 1151 timenta
994 1115 1072 1152 eius
1093 1123 1129 1153 et
1146 1117 1197 1154 du

817 1174 954 1204 xerunt
974 1175 1014 1205 ut
1033 1170 1135 1207 cruci
1155 1170 1227 1219 fige

815 1227 898 1257 rent

814 1272 843 1294 ³²
854 1273 1049 1312 Exeuntes
1069 1282 1195 1313 autem
1216 1277 1254 1314 in

815 1335 1003 1364 uenerunt
1020 1328 1208 1367 homine-

815 1382 1009 1429 cyrineum
1031 1383 1170 1420 uenien

818 1440 897 1471 tem
917 1435 1071 1472 obuiam
1093 1438 1163 1474 sibi
1187 1450 1239 1475 no

814 1488 918 1525 mine
939 1489 1130 1527 simonem
1146 1491 1247 1529 hunc

813 1542 1108 1590 angariauerunt
1126 1551 1166 1582 ut

813 1626 985 1666 Tolleret
1006 1640 1158 1668 crucem

810 1681 890 1719 eius

810 1734 839 1755 ⁸³
850 1735 900 1773 Et
915 1744 1101 1774 uenerunt
1117 1738 1155 1774 in
1176 1738 1304 1777 locum

811 1789 874 1837 qui
896 1790 1030 1827 dicitur
1049 1791 1232 1839 golgotha

810 1843 913 1892 quod
934 1851 990 1881 est
1009 1845 1170 1882 caluarie
1191 1846 1228 1884 lo

810 1908 877 1934 cus
897 1897 925 1917 ³⁴²
937 1903 973 1934 et
993 1897 1177 1936 dederunt
1197 1901 1231 1937 ei

809 1950 938 1987 bibere
959 1963 1047 1988 cum
1067 1951 1150 1989 felle
1169 1954 1248 1992 mix

809 2009 890 2040 tum
905 2010 942 2041 et
958 2016 1044 2042 cum
1065 2013 1195 2054 gustas

808 2064 865 2094 set
885 2057 1004 2095 noluit
1020 2059 1149 2097 bibere

807 2108 835 2130 ³⁵
849 2110 1043 2161 Posquam
1064 2120 1190 2150 autem
1212 2126 1279 2152 cru

805 2165 839 2201 ci
860 2164 1021 2202 fixerunt
1046 2178 1135 2203 eum
1155 2167 1193 2204 di

806 2218 974 2255 uiserunt
995 2220 1181 2257 uestimen

806 2278 843 2308 ta
861 2272 942 2309 eius
963 2279 1104 2310 sortem
1125 2274 1259 2312 mitte*

806 2332 862 2363 tes
881 2325 909 2346 ⁸⁶
920 2331 957 2362 et
978 2326 1152 2365 sedentes
1176 2340 1235 2366 ser

805 2379 949 2415 uabant
969 2392 1057 2416 eum

804 2431 832 2452 ³⁷
843 2431 893 2469 Et
916 2433 1166 2482 inposuerunt
1183 2447 1297 2485 supra

803 2492 917 2534 caput
935 2487 1015 2524 eius
1031 2499 1185 2526 causam
1206 2491 1286 2527 eius

803 2540 980 2577 scribtam
1000 2540 1060 2578 hic
1080 2548 1136 2579 est
1155 2542 1213 2581 ihs

802 2604 868 2630 rex
890 2593 1113 2632 iudaeorum

802 2645 829 2666 ³⁸
843 2646 956 2684 Tunc
977 2649 1079 2685 cruci
1100 2648 1163 2686 fixi
1183 2655 1270 2688 sunt

801 2711 891 2737 cum
911 2713 958 2738 eo
979 2701 1056 2739 duo
1076 2702 1172 2740 latro

801 2765 868 2791 nes
888 2765 987 2791 unus
1008 2767 1029 2792 a
1045 2756 1186 2794 dextris

800 2814 835 2844 et
855 2807 951 2845 alius
971 2820 993 2845 a
1013 2809 1172 2847 sinistris

799 2861 826 2881 ³⁹
840 2861 1103 2902 Transeuntes
1122 2870 1248 2902 autem

1748 191 1804 228 M
1801 192 1835 229 A
1848 191 2050 231 TTEUM

1387 276 1467 305 Pol.
1487 277 1545 307 38.

1387 317 1676 358 Blastemabant
1696 333 1786 358 eum

1386 378 1587 410 mouentes
1607 375 1731 423 capita
1747 387 1815 412 sua

1386 424 1415 444 ⁴⁰
1427 432 1462 462 et
1484 426 1651 464 dicentes
1668 440 1716 465 ua
1732 429 1794 477 qui
1812 429 1879 466 des

1384 479 1531 516 truebat
1550 481 1732 529 templum
1753 482 1792 518 di

1384 538 1420 568 et
1440 532 1477 568 in
1499 533 1663 570 triduum
1685 535 1775 572 illud

1384 585 1624 624 reedificabat
1679 589 1709 625 si
1733 589 1831 626 filius

1383 638 1422 675 di
1442 651 1483 676 es
1505 639 1695 678 descende
1716 654 1819 680 nunc

1386 692 1432 728 de
1454 704 1567 730 cruce

1382 745 1408 765 ⁴¹
1425 745 1600 784 Similiter
1618 754 1655 784 et
1676 748 1858 798 principis

1383 800 1622 838 sacerdotum
1644 801 1806 840 delude-

1382 859 1436 890 tes
1457 865 1545 890 cum
1566 855 1699 892 scribis
1719 863 1754 893 et
1774 856 1851 905 pha

1381 906 1487 944 riseis
1507 907 1683 946 dicebant
1703 910 1732 930 ⁴²
1745 910 1837 947 alios

1380 960 1508 998 saluus
1526 960 1611 999 fecit
1631 974 1670 1000 se
1691 963 1815 1011 ipsum

1380 1025 1459 1050 non
1477 1021 1600 1063 potest
1617 1016 1765 1054 saluum

1380 1065 1505 1105 facere
1614 1070 1645 1106 si
1665 1083 1731 1108 rex
1751 1071 1841 1109 istra

1379 1119 1438 1157 hel
1460 1127 1517 1158 est
1538 1121 1745 1161 descendat

1379 1186 1480 1211 nunc
1501 1175 1547 1212 de
1568 1188 1679 1213 cruce
1700 1184 1736 1214 et
1757 1190 1817 1216 cre

1378 1227 1500 1265 dimus
1520 1229 1553 1266 ei
1635 1230 1662 1250 ⁴³
1675 1231 1831 1270 confidit

1377 1281 1415 1317 in
1435 1280 1488 1319 do
1569 1282 1699 1321 liberet
1719 1297 1805 1322 eum

1378 1334 1408 1371 si
1429 1335 1494 1371 uul
1514 1347 1603 1372 eum
1624 1337 1715 1375 dixit
1731 1339 1832 1376 enim

1377 1388 1466 1436 quia
1485 1388 1524 1425 di
1545 1390 1641 1427 filius
1662 1399 1748 1428 sunt

1376 1442 1405 1462 ⁴⁴
1413 1441 1584 1491 Idipsum
1594 1450 1719 1481 autem
1730 1452 1765 1483 et
1774 1445 1869 1484 latro

1377 1507 1443 1532 nes
1464 1496 1528 1544 qui
1548 1498 1650 1535 cruci
1669 1499 1693 1535 fi
1714 1506 1821 1536 erant

1376 1560 1464 1586 cum
1483 1562 1530 1587 eo
1549 1550 1847 1601 inproperabant

1375 1634 1422 1671 Ei

1374 1688 1466 1726 4⁵Ab
1486 1689 1579 1727 hora
1599 1698 1727 1729 autem
1748 1699 1854 1731 sexta

1373 1744 1552 1781 tenebrae
1573 1743 1669 1782 facte
1690 1754 1778 1784 sunt

1373 1808 1486 1845 super
1504 1797 1722 1836 uniuersam

1373 1856 1511 1888 terram
1530 1862 1652 1901 usque
1667 1853 1706 1890 in

1372 1902 1506 1940 horam
1527 1917 1672 1943 nonam

1372 1958 1398 1977 ⁴⁵
1413 1955 1525 1995 Circa
1544 1958 1677 1996 horam
1698 1968 1825 1999 autem

1372 2022 1515 2048 nonam
1535 2013 1707 2051 exclama

1371 2064 1425 2101 uit
1444 2064 1502 2101 ihs
1522 2077 1619 2103 uoce
1635 2079 1776 2117 magna

1370 2117 1499 2155 dicens
1520 2119 1592 2156 heli
1614 2119 1690 2157 heli
1710 2121 1746 2159 la

1371 2183 1433 2208 ma
1453 2173 1631 2221 zapthani
1652 2174 1727 2213 hoc

1367 2232 1423 2262 est
1443 2224 1489 2262 ds
1509 2238 1615 2264 meus
1635 2227 1681 2265 ds
1700 2240 1808 2266 meus

1367 2284 1407 2315 ut
1427 2279 1519 2328 quid
1539 2292 1600 2318 me
1621 2280 1737 2319 dereli

1367 2332 1480 2380 quisti

1366 2386 1395 2406 ⁴⁷
1408 2385 1577 2432 Quidam
1598 2394 1725 2426 autem
1746 2389 1820 2428 illic

1365 2446 1508 2478 stantes
1527 2448 1562 2478 et
1583 2443 1719 2480 audien

1366 2499 1422 2530 tes
1442 2494 1610 2533 dicibant
1630 2496 1767 2534 heliam

1367 2554 1479 2584 uocat
1500 2548 1570 2585 iste

1364 2599 1392 2620 ⁴¹⁸
1404 2600 1454 2637 Et
1473 2602 1655 2640 continuo
1675 2616 1830 2642 currens

1363 2665 1461 2691 unus
1482 2667 1529 2692 ex
1550 2656 1604 2693 eis
1626 2656 1746 2706 adcep

1363 2713 1400 2744 ta
1420 2709 1581 2758 spungia
1602 2710 1759 2758 inpleuit

1362 2768 1472 2798 aceto
1582 2770 1618 2801 et
1636 2764 1802 2814 inposuit

1559 2825 1570 2846 1

1361 2856 1572 2896 harundine
1592 2866 1629 2897 et
1647 2860 1762 2899 dabat

1359 2911 1393 2948 ei
1414 2911 1543 2950 bibere

1293 2984 1359 3008 D2

2360 211 2406 246 19

1917 323 1945 343 '²⁹
1958 323 2083 361 Ceteri
2104 337 2196 363 uero
2217 326 2392 364 dixerunt

1916 376 1996 414 sine
2017 377 2215 416 uideamus
2237 380 2267 416 si
2286 392 2333 417 ue

1915 430 1970 467 nit
1989 431 2081 469 elias
2102 439 2139 469 et
2159 432 2333 470 liberauit

1913 495 2002 520 eum

1913 537 1941 557 ⁵⁰
1955 537 2020 575 lhs
2042 545 2168 576 autem
2189 540 2324 578 iterum
2348 541 2406 578 cla

1912 602 2022 628 mans
2042 605 2139 630 uoce
2155 606 2298 642 magna

1911 645 2034 682 emisit
2050 650 2135 694 spm

1913 697 1938 716 ⁶¹
1952 697 2002 735 Et
2022 712 2112 737 ecce
2128 700 2256 737 uelum
2272 702 2403 751 templi

1913 751 2072 788 scissum
2093 760 2148 789 est
2163 754 2200 789 in
2222 754 2317 792 duas

1912 811 2038 852 partes
2058 818 2080 842 a
2100 818 2252 845 summo
2273 820 2318 844 us

1911 870 1985 907 que
2006 858 2183 897 deorsum
2240 867 2276 898 et
2295 868 2351 898 ter

1910 923 1951 948 ra
1970 919 2075 950 mota
2095 920 2150 950 est
2169 920 2206 951 et
2226 921 2331 963 petre

1910 965 1975 1002 fise
1989 972 2076 1003 sunt
2132 967 2160 987 ⁶²
2173 974 2210 1004 et
2229 980 2348 1006 monu

1908 1026 2039 1056 menta
2058 1020 2250 1069 patefacta

1909 1079 1997 1110 sunt
2052 1080 2088 1111 et
2107 1074 2226 1113 multa
2245 1087 2312 1113 cor

1907 1138 2003 1174 pora
2020 1135 2240 1166 sanctorum

1907 1179 2178 1219 dormientium
2202 1194 2266 1219 sur

1907 1241 2084 1272 rexerunt
2193 1236 2264 1274 ⁵³et
2277 1248 2400 1274 exeun

1908 1286 1953 1324 tis
1969 1287 2016 1324 de
2032 1290 2292 1327 monumentis

1907 1347 1994 1388 post
2013 1343 2289 1380 resurrectione

1907 1394 2024 1442 ipsius
2045 1403 2232 1433 uenerunt
2252 1397 2291 1434 in

1906 1455 2079 1485 sanctam
2100 1450 2292 1487 ciuitatem

1906 1506 1943 1537 et
1963 1501 2088 1539 multis
2108 1511 2366 1552 apparuerunt

1903 1553 1932 1575 ‘⁵⁴
1945 1554 2129 1594 Centurio
2142 1564 2267 1595 autern
2284 1564 2320 1595 et
2334 1559 2399 1608 qui

1904 1639 2005 1678 Cum
2026 1653 2072 1679 eo
2092 1649 2171 1680 erat
2190 1644 2338 1681 custodi

1903 1701 2009 1733 entes
2028 1695 2106 1732 ihm
2126 1696 2209 1734 uiso
2230 1704 2325 1735 terre

1903 1755 2010 1786 moto
2030 1756 2066 1786 et
2086 1749 2143 1787 his
2163 1762 2238 1800 que
2258 1751 2306 1788 fie

1903 1802 1995 1839 bant
2013 1803 2217 1841 timuerunt
2236 1805 2299 1841 ual

1902 1855 1949 1892 de
1970 1855 2139 1894 dicentes
2159 1868 2248 1896 uere
2268 1857 2307 1895 di
2326 1858 2351 1895 fi

1901 1908 1972 1946 lius
1992 1917 2071 1947 erat
2091 1911 2160 1948 iste

1897 1961 1928 1982 ⁸⁵
1940 1962 2059 2000 Erant
2079 1970 2206 2001 autem
2228 1964 2279 2002 ibi
2303 1966 2395 2003 muli

1899 2028 1981 2054 eres
2001 2017 2142 2055 multae
2163 2030 2184 2055 a
2204 2018 2321 2067 longe

1899 2069 2071 2108 uidentes
2091 2084 2190 2120 quae
2210 2084 2302 2110 secu

1897 2130 1932 2160 te
1953 2132 2059 2161 erant
2079 2125 2158 2161 ihm
2179 2138 2200 2162 a
2225 2126 2389 2175 galilea·

1898 2177 2156 2216 ministrantes
2177 2180 2211 2217 ei
2230 2179 2258 2200 ⁶⁶
2272 2180 2370 2218 inter

1897 2243 1993 2280 quas
2012 2239 2090 2269 erat
2110 2233 2229 2270 maria
2249 2245 2340 2283 mag

1897 2284 2054 2322 dalenae
2073 2293 2109 2323 et
2129 2287 2248 2324 maria
2267 2287 2304 2324 ia

1896 2338 1982 2375 cobi
2003 2346 2038 2376 et
2057 2340 2189 2388 ioseph
2210 2347 2246 2378 et
2266 2353 2329 2377 ma

1895 2398 1951 2428 ter
1970 2392 2134 2430 filiorum
2155 2394 2248 2431 zebe

1894 2444 1953 2482 dei

1894 2497 1921 2519 ⁵⁷
1934 2498 2034 2536 Cum
2055 2511 2139 2537 sero
2159 2507 2288 2538 autem
2309 2500 2368 2539 fac

1893 2558 1973 2589 turn
1994 2560 2093 2590 esset
2110 2555 2214 2591 uenit
2235 2555 2300 2604 qui

1893 2605 1982 2642 dam
2002 2606 2121 2645 homo
2141 2607 2237 2645 diuis
2256 2609 2304 2646 ab
2324 2620 2347 2646 a

1892 2659 2066 2697 rimathia
2148 2662 2304 2700 nomine

1891 2713 2025 2761 ioseph
2083 2715 2148 2764 qui
2167 2721 2205 2752 et
2225 2716 2306 2765 ipse
2326 2715 2384 2753 dis

1891 2766 2038 2815 cipulus
2058 2777 2137 2806 erat
2157 2769 2222 2806 ihu
2282 2770 2310 2791 ⁵⁸
2323 2769 2383 2806 hic

1889 2821 2052 2858 adcessit
2071 2821 2119 2859 ad
2138 2823 2297 2871 pilatum

1888 2880 1926 2912 et
1944 2875 2038 2924 petit
2053 2887 2191 2925 corpus
2210 2877 2275 2913 ihu
