2504 3382
837 557 1097 607 SCRIBA
1148 556 1241 604 ET
1293 551 1832 603 CORRECTORES

368 694 415 744 ff
423 692 466 731 *ε
497 695 572 742 ipse
599 692 735 731 scriba.

365 749 413 798 ff
419 754 457 785 a:
487 752 665 785 corrector
684 746 836 784 eiusdem
857 746 996 783 saeculi
1010 758 1054 782 ac
1073 746 1146 793 ipse
1164 743 1287 781 scriba
1303 757 1321 787 ,·
1337 744 1487 791 forsan
1508 746 1591 778 erat
1612 741 1807 778 diortlzota.
1865 740 2082 777 Atramento
2086 739 2203 788 fusco
2223 751 2310 775 usus
2333 743 2392 775 est.

366 803 413 852 ff
420 800 461 838 b:
481 803 528 852 ff
532 809 551 828 a
570 806 604 838 et
608 803 655 852 ff
661 799 681 828 b
700 813 810 850 quum
830 803 1033 837 atramento
1052 804 1127 836 tum
1148 799 1357 836 litterarum
1378 797 1585 834 uncialium
1596 797 1736 844 forma
1747 802 1894 843 parum
1916 794 2097 844 differunt
2110 806 2122 830 .·
2150 805 2239 830 saec.
2261 794 2392 841 quinti,

271 860 313 893 ut
329 857 483 901 uidetur,
506 855 620 893 ambo.

364 910 412 960 ff
419 916 435 936 e
451 924 458 948 :
489 922 620 946 manus
639 909 763 945 octaui
771 908 831 945 uel
839 908 1076 944 nonisaeculi
1083 920 1102 950 ,¹
1131 907 1282 943 codicem
1299 906 1352 942 ad
1358 909 1501 943 textum
1519 903 1855 951 Ilz'eronymianum
1873 902 2058 950 corrigere
2069 901 2129 937 hic
2149 901 2226 937 illic
2241 904 2394 937 conatus

268 967 327 1000 est.
386 963 735 1012 Atramentoficsco,
757 963 938 999 interdum
959 962 1124 1006 uiolaeeo,
1145 973 1234 997 usus
1252 964 1310 997 est.

361 1017 410 1066 ff
414 1014 455 1053 d:
487 1029 619 1053 manus
638 1016 838 1052 duodecimi
853 1028 944 1052 saec.
1005 1014 1325 1063 Unaquaquesere
1335 1013 1480 1061 pagina
1503 1013 1664 1049 lectiones
1685 1010 2001 1056 Hieronymianas
2021 1010 2059 1045 in
2079 1008 2229 1045 codicem
2252 1007 2393 1045 intulit.

362 1071 410 1120 ff
416 1076 481 1097 nou
498 1083 505 1107 ε
534 1075 716 1107 corrector
734 1082 865 1115 recens,
888 1070 1011 1106 octaui
1025 1069 1156 1105 decimi
1169 1081 1261 1104 saec.
1283 1071 1325 1104 ul
1341 1068 1512 1109 nidum,-
1537 1066 1770 1102 correctiones
1783 1065 1883 1101 nulli
1894 1064 2066 1099 momenti
2066 1063 2169 1111 fecit
2181 1066 2390 1098 atramento

263 1125 449 1172 pernigro.
507 1123 700 1160 Interdum
720 1123 861 1160 litteras
881 1123 1039 1160 unciales
1059 1123 1209 1159 imitari
1223 1125 1372 1158 conatus
1395 1125 1453 1166 est,
1478 1120 1659 1156 interdum
1677 1118 1982 1167 orthographiam
1998 1117 2151 1166 pessime
2171 1116 2340 1153 mutauit.

383 1209 504 1246 Uerba
522 1210 582 1246 uel
597 1210 738 1246 litteras
755 1216 871 1257 supra
891 1209 1023 1245 lineam
1043 1209 1201 1257 scriptas
1220 1207 1416 1245 nonnullas
1437 1207 1476 1243 in
1503 1210 1643 1243 textum
1664 1207 1742 1242 sine
1769 1205 1893 1242 notula
1913 1205 2129 1241 admisimus
2142 1216 2160 1247 ,·
2189 1202 2257 1240 lzae
2277 1214 2398 1239 omnes

272 1268 396 1300 nostro
416 1264 549 1300 iudicio
568 1276 619 1301 ex
638 1263 821 1300 diorthota
843 1262 855 1314 (
865 1263 907 1312 ff
913 1267 947 1313 a)
967 1267 1064 1299 sunt.

905 1392 1281 1433 EUANGELIUM
1323 1391 1420 1431 SEC
1462 1392 1761 1430 MATTEUM.

324 1497 500 1545 F01.1‚1.
527 1510 586 1547 13.
624 1498 859 1537 manducas:
891 1499 963 1549 ffa
992 1500 1100 1547 lapsu
1130 1500 1169 1535 in
1207 1498 1447 1536 manducnas
1476 1499 1652 1542 correxit,
1679 1509 1704 1533 n
1732 1503 1850 1545 supra
1878 1507 1898 1533 c
1918 1497 2055 1544 posita.
2128 1494 2149 1532 1.
2176 1495 2236 1531 16.
2274 1490 2398 1546 u]ini:

273 1552 284 1589 i
302 1553 440 1602 finalis
455 1559 572 1601 paene
590 1554 750 1591 euanuit.
828 1553 851 1590 l.
872 1556 935 1601 38.
966 1553 1004 1589 in
1027 1566 1077 1590 ex
1097 1555 1266 1602 margine
1286 1554 1325 1589 in
1345 1556 1487 1589 textum
1508 1553 1714 1600 recepimus.
1825 1549 1906 1587 Fol.
1933 1553 1948 1587 1
1967 1550 2002 1594 b,
2024 1549 2046 1586 l.
2074 1561 2134 1586 20.
2164 1550 2312 1586 uenite:
2330 1549 2378 1598 ff
2382 1555 2400 1574 ⁰

273 1607 419 1643 addidit
444 1606 492 1643 ad
521 1618 594 1644 me.
706 1606 787 1644 Foi.
820 1607 892 1651 2b,
922 1607 945 1644 l.
980 1609 1039 1645 18.
1070 1605 1331 1659 eo]nplacuit:
1351 1607 1398 1657 ff
1403 1604 1423 1633 d
1443 1607 1602 1643 mutauit
1628 1607 1667 1642 in
1697 1604 1939 1653 complacuit,
1961 1605 2218 1652 suprascripta
2247 1614 2310 1649 m;
2340 1602 2404 1639 sed

270 1661 387 1697 codice
403 1664 526 1710 postea
555 1661 720 1698 mutilato
748 1672 788 1697 m
808 1662 953 1709 partim
975 1662 1101 1709 periit.
1229 1661 1252 1698 1.
1284 1674 1347 1708 44.
1377 1660 1538 1698 uturbe:
1567 1671 1592 1696 u
1617 1666 1677 1708 pr.
1698 1660 1906 1707 perlineata
1934 1662 1994 1695 est.
2207 1656 2289 1694 Fol.
2322 1660 2342 1694 3
2360 1657 2397 1702 b,

273 1714 295 1752 l.
329 1726 390 1760 24.
419 1714 559 1752 locuti:
589 1714 627 1752 lo
652 1716 853 1763 perierunt.
963 1715 1045 1753 Fol.
1068 1719 1104 1761 4,
1125 1715 1147 1752 l.
1171 1716 1232 1752 28.
1262 1714 1498 1751 mundanti:
1528 1726 1554 1750 n
1573 1727 1637 1750 sec.
1659 1713 1882 1762 improbauit
1895 1712 1964 1762 ff*
1995 1712 2054 1748 uel
2067 1712 2115 1761 ff
2120 1718 2149 1749 a,
2259 1709 2341 1748 Fol.
2365 1714 2399 1755 5,

274 1768 297 1805 l.
324 1780 382 1816 13.
403 1767 524 1805 illius:
555 1780 581 1805 u
611 1770 727 1806 erasit
753 1773 946 1806 corrector.
1139 1768 1220 1806 Fol.
1252 1771 1286 1814 6,
1319 1768 1341 1806 1.
1365 1778 1426 1816 27.
1447 1767 1693 1817 colligentes:
1724 1767 1880 1804 caudam
1911 1767 2050 1803 litterae
2079 1777 2104 1813 g
2133 1765 2402 1814 redintegrauit

263 1820 347 1872 ff‘d.
472 1821 555 1860 Fol.
587 1825 608 1859 6
632 1823 666 1868 b,
697 1822 732 1860 ll.
764 1834 881 1869 41-4.
910 1823 1060 1860 Puncta
1090 1823 1177 1860 haec
1205 1824 1322 1860 nescio
1349 1835 1399 1859 an
1417 1823 1464 1872 ff
1470 1828 1489 1847 ⁸·
1507 1823 1686 1871 posuerit.
1807 1820 1888 1858 Fol.
1920 1824 1954 1865 7,
1985 1820 2020 1857 11.
2053 1821 2169 1867 34—6.
2198 1818 2248 1854 In
2277 1831 2400 1868 marg.

273 1877 426 1925 scripsit
439 1876 487 1926 ff
491 1883 519 1912 0.
576 1876 622 1913 In
651 1876 702 1913 lib
731 1889 759 1914 11
789 1889 861 1926 sup
890 1878 1077 1926 apocalyp
1105 1876 1255 1915 odberti
1283 1877 1348 1913 ubi
1377 1876 1520 1914 iezabel
1549 1876 1738 1913 meritrice
1770 1874 1829 1912 die
1858 1873 2038 1923 ponenda
2067 1874 2105 1910 in
2133 1873 2235 1910 lecti-1
2268 1876 2315 1909 ci]
2346 1874 2400 1909 eis

275 1928 313 1980 qi
333 1934 381 1967 esi
401 1942 446 1967 ea
466 1929 709 1968 fornicantur
729 1929 794 1981 (cf.
812 1931 926 1980 Apoc.
949 1934 984 1967 2.
1009 1932 1086 1980 22).
1146 1930 1339 1969 Odbertus
1359 1931 1418 1967 uel
1434 1929 1654 1967 Audbertus
1674 1928 1774 1979 (uide
1793 1929 1982 1979 irffrafol.
2007 1926 2074 1978 3ο)
2079 1928 2223 1977 forsan
2234 1926 2326 1976 suit
2341 1927 2401 1963 ille

276 1984 506 2021 Ambrosius
514 1984 724 2033 Autpertus
738 1985 879 2022 ordinis
890 1983 930 2022 S.
939 1983 1346 2035 Benedictiquzfloruit
1357 1985 1458 2021 circa
1472 1997 1506 2020 a.
1516 1984 1549 2021 d.
1561 1992 1636 2031 750
1644 1996 1748 2032 seqq„
1758 1988 1790 2020 et
1802 1984 1913 2019 decem
1923 1982 2036 2019 libros
2047 1981 2401 2019 Commentariorum

275 2045 385 2087 super
404 2037 655 2087 Apocalypsin
676 2040 852 2087 scripsit:
883 2038 1153 2077 Commentarii
1168 2040 1341 2088 impressi
1354 2043 1442 2075 sunt
1462 2038 1633 2076 Coloniae
1651 2051 1685 2076 a.
1700 2038 1733 2074 d.
1754 2038 1867 2085 1536.
2032 2035 2114 2073 Fol.
2133 2039 2154 2072 7
2172 2036 2208 2081 b,
2228 2035 2264 2073 ll.
2283 2044 2399 2082 9—15.

276 2091 327 2128 In
348 2104 468 2141 marg.
490 2093 644 2141 scripsit
659 2093 698 2143 ff
706 2100 722 2120 0
742 2093 788 2130 In
809 2093 862 2130 lib
883 2093 975 2130 seed
995 2105 1067 2146 sup
1083 2093 1291 2143 apocalyps
1307 2092 1456 2130 odberti
1478 2093 1541 2129 ubi
1557 2091 1606 2128 ait
1626 2089 1663 2140 qi
1684 2092 1816 2128 uicerit
1832 2091 1933 2128 dabo
1952 2090 2003 2127 illi
2023 2090 2174 2128 calculi]
2195 2088 2400 2126 candidum

277 2145 340 2195 (cf.
361 2145 477 2194 Apoc.
500 2149 535 2183 2.
561 2145 637 2197 17).
857 2146 940 2184 Fol.
973 2149 1007 2194 8,
1030 2147 1052 2184 l.
1074 2149 1109 2184 8.
1139 2147 1289 2185 iodnis:
1321 2148 1360 2184 in
1379 2145 1528 2183 ioadnis
1548 2144 1814 2196 correxitff*.
1924 2145 1948 2181 l.
1970 2157 2031 2192 43.
2060 2150 2098 2181 et
2119 2150 2300 2192 superscr.
2317 2144 2350 2193 ff
2366 2141 2399 2180 *.

276 2199 359 2237 Fol.
392 2200 464 2244 9b,
494 2198 518 2236 l.
551 2202 611 2237 28.
645 2206 842 2250 tangeret:
875 2202 1044 2238 correxit
1048 2199 1134 2251 ffd.
1380 2200 1462 2237 Fol.
1486 2204 1546 2245 13,
1568 2200 1590 2237 l.
1616 2207 1672 2246 17.
1703 2199 2108 2237 conmunicationem:
2138 2198 2308 2234 correxit
2312 2197 2359 2247 ff
2366 2195 2397 2235 d.

276 2253 358 2292 Fol.
383 2256 444 2299 17,
467 2253 489 2290 l.
513 2265 571 2302 23.
604 2254 771 2291 bellum:
802 2253 1062 2305 correxitffd.
1226 2253 1307 2292 Fol.
1334 2257 1380 2292 17
1396 2255 1433 2300 1),
1451 2254 1473 2291 1.
1496 2263 1559 2301 45.
1589 2253 1681 2290 illis:
1711 2254 1858 2291 erasits
1874 2257 2068 2290 corrector.
2232 2251 2313 2288 Fol.
2340 2253 2400 2295 18,

278 2307 303 2345 l.
327 2309 389 2356 36.
420 2308 686 2356 generatione:
718 2309 836 2345 uoluit
853 2308 1007 2357 -nefffla
1201 2307 1280 2346 Fol.
1306 2311 1352 2346 18
1370 2309 1406 2353 b,
1427 2308 1450 2345 l.
1472 2309 1534 2355 46.
1564 2308 1732 2345 uenisset
1751 2322 1758 2346 :
1788 2304 2045 2357 correxitffd.
2232 2304 2313 2342 Fol.
2338 2307 2398 2349 19,

277 2361 302 2399 1.
325 2371 387 2408 47.
416 2361 649 2399 dulendum:
680 2363 827 2400 addidit
844 2362 878 2400 el
895 2362 968 2412 ffa.
1146 2361 1229 2400 Fol.
1252 2365 1313 2408 20,
1335 2362 1358 2400 l.
1383 2363 1445 2411 36.
1475 2365 1626 2399 tacere:
1657 2362 1802 2398 addidit
1819 2362 1925 2412 tffa.
2103 2359 2184 2397 Fol.
2208 2362 2270 2404 21,
2291 2359 2312 2397 1.
2340 2361 2398 2396 18.

279 2422 451 2452 mentes:
481 2417 650 2453 correxit
661 2414 746 2466 ffd.
967 2415 1047 2454 Fol.
1070 2418 1133 2462 22,
1157 2417 1179 2454 1.
1201 2428 1264 2464 40.
1293 2417 1391 2454 uita:
1422 2416 1646 2465 improbauit
1663 2423 1676 2453 t
1693 2417 1769 2466 ff*
1792 2421 1859 2452 aut
1873 2415 1958 2465 ffa.
2068 2414 2091 2453 l.
2115 2426 2177 2460 41.
2205 2413 2400 2451 credistis:

279 2469 400 2505 uoluit
417 2468 627 2506 credidistis
635 2471 683 2520 ff
689 2475 720 2508 θ’.
895 2470 978 2508 Fol.
1001 2473 1062 2516 23,
1084 2471 1107 2508 l.
1133 2480 1191 2518 17.
1221 2470 1430 2520 propheta:
1459 2472 1629 2508 correxit
1632 2471 1680 2520 ff
1685 2469 1716 2508 d.
1803 2470 1826 2507 l.
1850 2482 1910 2517 34.
1941 2468 2213 2517 neglexerunt:
2245 2467 2400 2504 caudam

280 2524 421 2559 litterae
456 2535 482 2571 g
511 2523 784 2572 redintegrauit
803 2524 851 2574 ff
857 2522 889 2561 d,
1107 2524 1190 2562 Fol.
1227 2526 1290 2572 24,
1323 2524 1346 2561 l.
1380 2537 1441 2571 41.
1485 2525 1583 2561 inter
1617 2524 1917 2561 resurreetione:
1965 2530 2022 2559 ter
2060 2523 2176 2559 erasit
2209 2525 2401 2559 corrector.

278 2576 360 2614 Fol.
381 2579 444 2622 25,
464 2576 489 2613 l.
511 2578 573 2623 48.
604 2576 803 2615 fratrestis:
833 2577 1082 2628 correxitff*
1105 2579 1263 2629 autffa.
1358 2578 1442 2616 Fol.
1466 2581 1526 2624 26,
1544 2578 1579 2615 ll.
1601 2590 1663 2626 39,
1683 2590 1745 2624 40.
1774 2577 1906 2626 plenas
1923 2583 2011 2613 sunt
2025 2577 2177 2625 rapinas
2194 2588 2202 2613 :
2233 2576 2403 2612 correxit

281 2632 319 2667 in
339 2630 453 2679 plena
483 2637 571 2668 sunt
600 2632 733 2680 rapina
748 2633 797 2682 ff
804 2630 834 2669 d.
940 2632 976 2670 ll.
1000 2644 1062 2679 41,
1087 2645 1149 2679 42.
1179 2632 1413 2682 phariseiae:
1443 2633 1561 2669 erasit
1586 2632 1622 2668 ia
1648 2636 1838 2668 corrector.
1949 2629 2030 2669 Fol.
2053 2633 2115 2675 27,
2138 2629 2161 2666 1.
2186 2641 2221 2677 3.
2250 2630 2398 2666 ueniet:

279 2686 450 2722 correxit
454 2685 502 2734 ff
507 2682 539 2721 d,
625 2685 662 2722 11.
688 2697 747 2734 13,
773 2698 831 2732 14.
860 2686 1009 2735 pullum
1030 2697 1146 2724 suos:
1177 2688 1350 2724 correxit
1362 2687 1403 2736 ff
1410 2684 1442 2724 d.
1608 2685 1689 2722 Fol.
1712 2688 1761 2722 27
1778 2686 1816 2729 b,
1835 2684 1858 2722 l.
1882 2685 1916 2721 6.
1945 2684 2201 2721 Audientem:
2232 2684 2403 2720 correxit

267 2736 343 2788 ffd
364 2739 402 2775 in
423 2738 586 2775 audituri
603 2740 705 2776 enim
726 2740 825 2778 estis.
990 2739 1071 2778 Fol.
1091 2742 1152 2786 28,
1172 2739 1193 2777 l.
1217 2752 1276 2789 13.
1306 2739 1501 2788 pelegrin'a
1519 2751 1526 2776 :
1556 2740 1726 2776 correxit
1737 2740 1775 2775 in
1789 2735 2025 2788 pregnaffd.
2190 2735 2274 2774 Fol.
2298 2739 2347 2774 28
2362 2737 2397 2781 b,

279 2793 303 2829 l.
338 2805 369 2829 ε.
399 2795 468 2830 co:
499 2792 665 2830 lineolam
695 2794 844 2831 addidit
858 2792 932 2844 ff*
962 2799 1030 2831 aut
1044 2795 1091 2844 ff
1096 2800 1126 2831 a·
1320 2793 1401 2830 Fol.
1432 2795 1492 2839 29,
1524 2792 1547 2829 l.
1581 2804 1640 2839 14.
1670 2797 1787 2841 agrfi:
1807 2792 1878 2841 ff*
1910 2792 2024 2828 nitide
2051 2792 2212 2828 mutauit
2236 2794 2330 2840 agri]
2359 2791 2398 2826 in

279 2858 381 2894 agro.
530 2845 612 2884 Fol.
644 2851 693 2885 29
709 2849 743 2894 b,
774 2848 797 2885 l.
829 2861 890 2897 33.
921 2848 1144 2886 facientem:
1175 2849 1344 2885 correxit
1359 2848 1408 2897 ff
1415 2845 1446 2885 d.
1539 2846 1562 2883 l.
1594 2856 1657 2894 47.
1687 2847 1775 2896 qui:
1805 2847 1976 2884 correxit
1992 2846 2037 2897 ff
2043 2844 2075 2884 d,
2224 2844 2304 2882 Fol.
2335 2847 2397 2889 30,

279 2900 315 2937 ll.
341 2910 400 2947 25,
424 2901 484 2937 26.
517 2901 562 2937 ln
584 2914 702 2950 marg.
727 2904 879 2951 scripsit
884 2904 932 2953 ff
939 2910 954 2929 ⁰
979 2903 1020 2939 [n
1043 2902 1093 2939 lib
1119 2914 1217 2951 apoc
1241 2902 1412 2939 audberti
1432 2900 1497 2938 ubi
1524 2901 1575 2938 ait
1604 2900 1705 2938 dabo
1731 2901 1897 2950 unicuiq3
1931 2908 2101 2938 uestrum
2122 2898 2255 2937 seedm
2281 2910 2399 2947 opera

279 2961 407 2992 uestra
426 2953 494 3005 (cf
514 2954 629 3004 Apoc.
651 2958 686 2993 2.
711 2968 728 2993 2
737 2956 789 3008 3).
981 2956 1062 2995 Fol.
1088 2959 1146 3003 31,
1170 2956 1192 2994 l.
1219 2968 1278 3004 14.
1308 2967 1420 2993 curn:
1450 2955 1596 2993 addidit
1613 2966 1660 2993 eo
1669 2952 1750 3005 ffd.
1843 2955 1864 2992 l.
1887 2956 1949 3003 36.
1979 2954 2204 3004 tollegistis:
2233 2953 2402 2992 correxit

346 3030 497 3049 BUCHANAN
1327 3022 1352 3049 R
