2504 3382
250 202 299 227 vl.
321 193 457 236 56—vt1.
480 185 552 239 36.]
610 184 1020 224 EUANGELIUM

251 277 332 306 1¹01.
349 277 428 308 167.

253 318 369 366 Quod
390 317 600 367 tetigissent
619 316 674 354 sal

251 373 291 410 ui
311 372 454 409 fiebant
656 367 747 422 [εἴι-

781 315 964 364 Precepta
982 314 1184 352 hominum

781 370 1037 418 ⁸baptizantes
1056 379 1190 405 urceos

253 435 329 463 XXI
344 425 380 463 7¹
400 425 457 462 Et
468 425 686 462 conueniunt
700 424 752 461 ad
781 430 818 460 et
838 423 964 461 calicis
983 429 1019 459 et
1039 422 1111 459 alia
1132 420 1217 458 simi

253 480 416 530 pharisei
435 486 471 516 et
491 479 648 528 quidam

252 533 302 571 de
321 533 451 571 scribis
471 533 520 570 ab
541 532 692 570 iheroso

251 587 353 625 limis

254 641 350 687 ²Qui
359 652 448 678 cum
455 639 639 677 uidissent
650 651 747 688 quos

254 694 344 732 dam
364 707 411 732 ex
433 693 627 742 discipulis
647 693 727 730 eius

253 748 511 786 conmunibus
531 747 636 783 mani

255 803 326 839 bus
340 801 377 838 id
391 808 447 839 est
461 813 539 838 non
555 801 641 837 lotis
653 806 749 837 ma*

254 856 392 893 ducare
411 866 550 904 panem
570 855 651 890 uitu

253 916 484 959 perauerunt
503 920 570 946 eos

255 963 468 1000 ³Pharisaei
489 968 615 999 autem
631 967 668 998 et
683 972 748 998 om

255 1029 324 1054 nes
344 1016 467 1053 iudaei
487 1016 557 1053 nisi
578 1014 683 1064 pugil

254 1071 292 1109 lo
311 1070 444 1107 lauerit
464 1080 599 1106 manus
619 1075 699 1106 no*

254 1123 491 1161 manducant
510 1134 649 1171 panem

256 1184 430 1215 tenentes
451 1176 686 1214 traditione-

255 1231 450 1269 seniorum

255 1284 325 1321 ‘Et
345 1297 367 1321 a
384 1283 467 1320 foro
483 1294 572 1320 cum
588 1280 749 1319 ueneri-

255 1338 328 1375 nisi
347 1338 585 1386 baptizentur
606 1336 726 1373 ciuu‘

255 1404 337 1429 non
356 1391 550 1440 adcipiunt
569 1396 606 1427 et
625 1389 700 1426 alia

255 1445 375 1482 multa
395 1451 481 1482 sunt
497 1456 594 1493 quae
614 1450 670 1480 tra

257 1499 334 1537 dita
354 1504 441 1536 sunt
459 1498 531 1535 illis
551 1509 659 1556 serua

623 1558 635 1580 l

257 1608 297 1633 re
317 1595 553 1645 baptismum
572 1593 714 1632 calcu*-

257 1681 308 1720 Et
326 1692 529 1719 urceorum
548 1686 584 1717 et
604 1691 650 1716 ae

257 1742 517 1773 ramentorum
537 1739 574 1772 et
592 1733 650 1771 lec

257 1797 386 1827 torum

258 1843 327 1880 ⁵Et
347 1843 581 1891 interrogant
602 1852 690 1878 eum

257 1897 420 1947 pharisei
440 1904 478 1933 et
498 1895 643 1933 scribae

258 1951 426 1988 dicentes

258 2004 388 2051 Quare
406 2001 577 2052 discipuli
597 2002 650 2038 tui
669 2008 754 2039 no*

260 2065 472 2108 sequuntur
491 2056 641 2093 traditio

258 2124 349 2150 nem
370 2112 564 2149 seniorum
585 2109 652 2147 sed

259 2178 341 2204 non
361 2166 447 2203 lotis
466 2164 645 2202 manibus

259 2220 494 2257 manducant
514 2224 646 2267 pane-

259 2273 342 2311 6Αά
362 2274 442 2322 ipse
462 2271 699 2321 respondens

260 2328 354 2365 dixit
373 2328 470 2364 bene
490 2325 638 2375 prophe

260 2382 354 2419 tauit
374 2381 493 2418 eseias
513 2380 559 2417 de
579 2391 631 2416 uo

260 2437 319 2473 bis
374 2434 613 2484 hyprocritys

259 2489 391 2527 dicens

315 2542 481 2592 populus
502 2548 620 2578 aute*

314 2597 422 2634 labiis
440 2608 502 2632 me
523 2595 628 2632 hono

315 2658 373 2688 rat
392 2663 459 2688 cor
479 2656 608 2687 autem

316 2704 469 2742 illorum
488 2704 602 2752 longe

315 2758 463 2796 habetis
483 2770 505 2795 a
525 2769 586 2794 me

316 2813 438 2850 '‘uano
458 2819 586 2849 autem
607 2823 653 2849 co

316 2867 398 2905 lunt
417 2866 602 2904 docentes

318 2933 379 2959 me
399 2920 591 2959 doctrinas

783 477 833 514 lia
852 489 949 525 quae
969 476 1089 512 multa
1108 474 1182 512 faci

782 531 828 568 tis
849 530 1152 578 derelinquentes

783 591 1007 634 preceptum
1026 583 1065 620 di
1085 589 1199 619 tenen

783 645 838 675 tes
858 637 1098 675 traditionem
1117 635 1168 673 ho

784 692 933 728 minum

783 745 852 782 ⁹Et
871 744 1020 782 dicebat
1039 742 1109 780 illis
1129 741 1226 779 bene

783 799 929 835 irritum
949 797 1069 834 facitis
1089 807 1156 845 pre

783 860 936 901 ceptum
956 850 995 888 di
1015 856 1055 887 ut
1074 849 1223 887 traditio

783 918 873 943 nem
892 912 1060 942 uestram
1080 910 1137 941 sta

784 960 897 997 tuatis
935 959 1123 1007 ¹⁰moyses
1141 957 1235 994 eni‘

784 1013 877 1051 dixit

838 1066 985 1104 honora
1004 1072 1152 1115 patrem

838 1127 947 1158 tuum
967 1126 1003 1156 et
1023 1126 1184 1156 matrem

838 1180 942 1210 tuam
963 1180 998 1209 et
1018 1173 1083 1222 qui
1103 1172 1202 1208 male

839 1227 973 1264 dixerit
993 1227 1086 1275 patri
1107 1232 1172 1262 aut

838 1280 948 1317 matri
968 1280 1081 1317 morti
1100 1291 1167 1316 mo

838 1335 953 1371 riatur

785 1387 812 1409 ¹¹
822 1387 904 1425 Uos
925 1394 1050 1425 autem
1063 1385 1184 1423 dicitis
1199 1385 1229 1423 si
1243 1384 1280 1422 di

786 1443 881 1479 xerit
901 1441 1018 1480 homo
1039 1441 1069 1478 si
1090 1440 1176 1477 dixe

786 1496 832 1534 rit
851 1496 968 1533 homo
987 1494 1084 1544 patri
1104 1505 1175 1531 suo
1195 1501 1259 1531 aut

786 1550 895 1587 matri
915 1550 1073 1587 corbam
1092 1547 1199 1598 quod

786 1679 856 1717 Est
876 1678 1022 1717 donum
1042 1676 1231 1727 quodcu*

787 1745 861 1782 que
881 1745 927 1769 ex
949 1744 1010 1768 me
1031 1732 1095 1768 tibi
1115 1730 1233 1780 prode

786 1787 853 1824 erit
873 1786 983 1823 ¹²iam
1003 1798 1081 1823 non
1101 1785 1252 1821 missu-

786 1840 907 1878 facitis
927 1840 1032 1876 illum
1054 1839 1247 1888 quicqua-

787 1894 909 1932 facere
929 1894 1025 1942 patri
1046 1900 1109 1929 aut
1127 1904 1191 1929 ma

786 1949 832 1986 tri
851 1948 1038 1984 13inritum
1058 1946 1182 1983 facien

786 2009 842 2040 tes
861 2002 1022 2038 uerbum
1042 2000 1081 2037 di
1120 2011 1186 2048 per

787 2056 1029 2093 traditionem
1049 2060 1206 2090 uestra-

789 2110 942 2148 stultam
961 2119 1080 2159 quam
1100 2106 1195 2144 tradi

789 2163 894 2201 distis

788 2217 839 2255 Et
859 2215 993 2254 similia
1011 2213 1231 2252 huiusmodi

789 2271 910 2307 multa
928 2269 1072 2307 faciatis

790 2325 874 2362 1“Et
894 2324 1089 2361 aduocans
1108 2322 1244 2359 iterum

792 2379 945 2416 turbam
964 2377 1112 2414 dicebat
1132 2375 1203 2413 illis

790 2431 931 2470 Audite
951 2442 1013 2467 me
1033 2441 1170 2468 omnes
1188 2429 1228 2465 in

791 2486 952 2534 tellegite
972 2484 1097 2521 ¹⁵nihil
1116 2490 1172 2520 est
1191 2495 1239 2519 ex

791 2547 850 2578 tra
869 2539 1065 2577 hominem
1086 2537 1240 2575 introies

791 2594 831 2631 in
850 2605 939 2630 eum
959 2591 1065 2642 quod
1083 2603 1173 2628 eum
1193 2602 1265 2640 pos

791 2655 847 2686 set
866 2646 1154 2685 conmunicaret

792 2701 859 2739 sed
879 2712 977 2750 quae
997 2699 1042 2736 de
1062 2699 1218 2737 homine

790 2754 1006 2805 procedunt
1024 2753 1086 2790 illa
1105 2758 1195 2790 sunt

792 2821 890 2859 quae
910 2807 1184 2846 conmunicant

792 2863 990 2901 hominem
1009 2861 1073 2898 ¹⁶si
1094 2861 1178 2911 quis
1198 2859 1248 2897 ha

792 2918 856 2956 bet
875 2928 984 2955 aures
1004 2915 1181 2953 audiendi

1725 178 1998 218 MARCUM

1344 270 1427 300 Fol.
1443 270 1524 299 168.

1345 312 1487 350 Audiat

1344 366 1428 403 1⁷Et
1447 376 1537 402 cum
1556 363 1748 400 introisset
1768 363 1808 399 in

1345 419 1505 457 domum
1525 429 1547 454 a
1566 418 1676 454 turba
1695 417 1734 453 in

1345 472 1591 520 terrogabant
1611 482 1700 508 eum

1345 525 1519 574 discipuli
1538 524 1619 561 eius
1638 535 1733 573 para

1346 579 1477 617 bolam

1345 633 1429 670 l⁵³Et
1444 632 1495 670 ait
1509 631 1579 668 illis
1593 630 1646 668 sic
1661 636 1696 667 et
1714 641 1786 667 uos
1802 630 1840 665 in

1345 686 1551 736 prudentes
1570 685 1657 722 estis
1677 695 1757 721 non

1347 739 1562 788 intellegitis
1617 737 1724 787 quod

1346 806 1462 832 omne
1481 792 1716 830 extrinsecus

1347 848 1531 885 introiens
1551 847 1589 882 in
1610 845 1797 882 homine*

1349 914 1429 938 non
1449 907 1573 950 potest
1592 911 1681 936 eum
1701 910 1775 936 con

1348 956 1544 992 munieare

1347 1008 1472 1046 19Νοη
1493 1008 1605 1044 intrat
1624 1007 1662 1043 in
1683 1018 1751 1043 cor
1764 1005 1845 1043 eius

1349 1062 1418 1099 sed
1438 1062 1476 1098 in
1495 1067 1668 1098 uentrem
1687 1066 1724 1097 et
1743 1060 1782 1096 in

1349 1127 1541 1153 secessum
1560 1114 1637 1151 exit
1658 1125 1729 1163 pur

1348 1182 1445 1218 gans
1465 1180 1600 1206 omnes
1619 1179 1728 1205 escas

1347 1222 1543 1260 ²⁰Dicebat
1563 1228 1692 1259 autem
1712 1219 1831 1269 quoni

1349 1289 1413 1314 am
1432 1288 1530 1327 quae
1551 1275 1597 1312 de
1617 1275 1773 1313 homine

1348 1337 1490 1367 exeunt
1510 1330 1603 1367 haec
1625 1340 1770 1366 conmu

1350 1385 1480 1422 nicant
1500 1383 1696 1420 hominem

1349 1439 1376 1459 ²¹
1384 1438 1533 1475 deintus
1552 1444 1681 1474 autem
1701 1436 1748 1473 de
1768 1447 1835 1473 cor

1351 1492 1396 1529 de
1417 1492 1618 1529 hominum
1639 1490 1725 1538 cogi

1350 1546 1511 1584 tationes
1530 1545 1652 1582 malae
1671 1555 1742 1593 pro

1351 1674 1503 1712 Cedunt
1545 1672 1672 1711 adulte

1349 1729 1404 1766 ria
1442 1728 1540 1765 furta
1578 1727 1676 1764 sorni

1350 1782 1521 1820 cationes
1558 1780 1699 1819 homici

1350 1836 1414 1873 dia
1453 1835 1644 1872 ²²auaritia
1680 1845 1745 1871 ma

1351 1890 1427 1927 litia
1465 1889 1575 1926 dolus
1613 1887 1745 1936 inpudi

1351 1944 1438 1982 citia
1474 1942 1608 1981 oculus
1628 1941 1752 1978 malus

1351 1996 1589 2046 blasphemia
1626 2006 1739 2044 super

1351 2051 1414 2089 bia
1452 2050 1605 2088 stultitia
1641 2049 1669 2070 2³
1677 2048 1808 2086 omnia

1352 2105 1445 2142 haec
1466 2104 1569 2141 mala
1588 2103 1739 2140 deintus

1352 2158 1566 2208 procedunt
1602 2163 1638 2194 et
1656 2156 1751 2194 haec

1353 2212 1602 2250 conmunicat
1620 2210 1726 2248 homi

1353 2278 1442 2303 nem

1354 2330 1446 2356 XXII
1456 2319 1483 2340 ²4
1498 2318 1556 2356 Et
1565 2330 1754 2367 exurgens
1767 2317 1850 2354 inde

1353 2374 1411 2412 ihs
1431 2374 1521 2411 abiit
1541 2373 1580 2409 in
1601 2372 1685 2409 finis
1706 2371 1778 2420 tyri

1353 2435 1390 2465 et
1409 2428 1604 2477 ingressus
1624 2426 1663 2463 in
1684 2425 1735 2463 do

1353 2494 1461 2518 mum
1480 2481 1674 2518 neminem
1693 2491 1745 2516 uo

1351 2536 1420 2574 luit
1439 2535 1533 2572 scire
1552 2541 1589 2571 et
1609 2546 1689 2571 non
1708 2544 1760 2582 po

1353 2590 1423 2627 tuit
1442 2589 1557 2626 latere

1354 2644 1381 2664 ²⁵
1390 2642 1530 2680 Mulier
1548 2641 1652 2678 enim
1671 2640 1798 2677 statim

1354 2703 1396 2734 ut
1415 2696 1559 2734 audiuit
1579 2695 1626 2732 de
1645 2706 1692 2731 eo
1713 2705 1761 2731 cu

1355 2752 1413 2788 ius
1434 2750 1508 2787 filia
1529 2752 1614 2797 spm
1634 2748 1769 2784 inmun

1356 2805 1449 2842 dum
1469 2804 1632 2841 habebat
1652 2801 1793 2839 introiit

1355 2865 1392 2896 et
1412 2857 1575 2908 procidit
1595 2855 1644 2894 ad
1663 2855 1780 2905 pedes

1356 2913 1436 2950 eius
1455 2912 1567 2949 ²⁶erat
1586 2910 1688 2948 enim
1707 2921 1821 2959 greca

2317 181 2366 226 85

1876 306 2149 357 Syrophenissa
2168 318 2191 343 a
2210 318 2256 355 ge

1873 373 1964 399 nere
1984 368 2020 398 et
2041 360 2201 409 rogabat
2219 366 2300 396 eu*

1874 421 1915 452 ut
1934 415 2071 452 eiceret
2092 413 2270 451 daemoni

1874 480 1940 505 um
1961 481 1983 505 a
2004 468 2079 505 filia
2098 468 2178 505 eius
2310 463 2371 517 [sa

1874 522 1901 543 ²⁷
1910 521 1988 568 Qui
2002 522 2094 558 dixit
2114 522 2147 558 ei
2168 521 2247 558 sine
2266 520 2371 569 prius

1874 576 1990 613 turari
2010 576 2108 612 filios
2128 586 2206 612 non
2224 580 2281 611 est

1874 630 1978 666 enim
1997 629 2144 666 bonurn
2164 628 2296 677 accipe

1875 695 1915 719 re
1935 694 2076 732 panem
2097 682 2259 719 filiorum

1876 742 1912 772 et
1932 736 2078 772 mittere
2098 735 2257 772 canibus

1876 789 1960 826 ²⁸ad
1980 789 2040 826 ille
2060 788 2256 837 respondit
2279 787 2372 824 dixit

1876 843 1910 880 ei
1930 843 2003 879 dne
2025 842 2091 880 sed
2110 849 2147 879 et
2167 841 2289 879 catelli

1877 898 1948 934 sub
1967 908 2101 933 mensa
2121 895 2266 932 mandu

1878 958 1938 988 cat
1958 951 2005 988 de
2026 950 2132 987 micis
2151 960 2272 999 puero

1879 1016 1964 1041 rum

1877 1058 1961 1095 2⁹Et
1974 1058 2024 1095 ait
2036 1057 2086 1094 illi
2101 1056 2200 1094 uade
2218 1062 2374 1106 propter

1878 1111 1980 1149 hunc
2001 1122 2220 1148 sermonem

1878 1166 1967 1202 exiit
1988 1164 2211 1202 demonium
2231 1175 2254 1201 a
2271 1163 2297 1200 fi

1879 1220 1927 1256 lia
1947 1226 2012 1255 tua

1879 1273 1963 1310 3⁰Et
1983 1283 2074 1309 cum
2094 1271 2232 1308 abisset
2251 1270 2290 1306 in
2310 1270 2362 1307 do

1879 1337 1987 1363 mum
2008 1325 2153 1362 inuenit
2173 1324 2262 1374 puel

1879 1381 1957 1417 lam
1976 1380 2165 1417 iacentem
2185 1389 2302 1426 supra

1878 1434 2019 1471 lectum
2038 1439 2075 1470 et
2095 1432 2310 1470 demoniu-

1879 1488 2000 1525 exisse
2319 1481 2378 1536 [de

1881 1550 1992 1577 XXIII
2000 1540 2027 1561 ³¹
2043 1539 2084 1577 E
2081 1545 2097 1577 l
2106 1541 2235 1577 ilerum
2251 1540 2378 1576 exiens

1880 1669 2039 1707 Finibus
2059 1668 2131 1717 tyri
2151 1667 2255 1704 uenit
2275 1678 2323 1704 ue

1880 1724 1934 1761 nit
1954 1735 2021 1772 per
2041 1723 2213 1760 sidonem
2234 1721 2284 1758 ad

1880 1789 1985 1814 mare
2005 1777 2185 1825 galilaeae
2206 1775 2303 1812 inter

1881 1831 2050 1868 medium
2070 1831 2165 1868 fines
2185 1829 2280 1867 deca

1880 1885 1980 1933 polis

1879 1939 1908 1959 ⁸²
1915 1938 1964 1975 Et
1978 1937 2153 1975 adferunt
2168 1936 2201 1973 ei
2218 1935 2378 1974 surdum

1880 1998 1917 2030 et
1936 1998 2087 2028 mutum
2106 1998 2143 2028 et
2163 1991 2304 2039 deprae

1881 2046 2066 2084 cabantur
2085 2056 2175 2081 eum
2194 2051 2235 2081 ut
2253 2044 2288 2080 ei

1881 2100 1921 2136 in
1942 2111 2101 2137 manum
2121 2099 2334 2147 imponeret

1881 2153 1966 2190 ³³Et
1978 2152 2170 2202 adcipiens
2182 2163 2271 2188 eum
2284 2163 2306 2188 a
2318 2157 2379 2188 tur

1881 2208 1932 2245 ba
1950 2216 2096 2245 secreto
2117 2217 2288 2255 expuens

1882 2261 1982 2298 misit
2002 2261 2141 2309 digitos
2160 2271 2252 2297 suos
2271 2259 2310 2296 in

1882 2314 2051 2352 auricula
2070 2321 2107 2351 et
2127 2313 2248 2361 tetigit

1882 2369 2056 2417 linguam
2075 2368 2155 2404 eius
2175 2367 2246 2403 3⁴et
2265 2377 2325 2403 res

1882 2423 2027 2472 piciens
2046 2422 2084 2458 in
2106 2420 2255 2458 caelum
2274 2419 2314 2456 in

1883 2476 2028 2526 gemuit
2048 2482 2084 2512 et
2103 2475 2154 2512 ait
2174 2474 2225 2511 illi
2244 2472 2368 2522 epphe

1883 2538 1922 2567 ta
1941 2529 2045 2579 quod
2065 2535 2120 2566 est
2139 2527 2334 2577 adaperire

1883 2583 1968 2621 ³⁵Et
1987 2589 2137 2632 apertae
2156 2588 2245 2619 sunt
2267 2592 2380 2619 aures

1884 2638 1964 2675 eius
1984 2644 2020 2673 et
2039 2636 2208 2674 solutum
2227 2641 2285 2672 est

1884 2690 2081 2729 uinculum
2100 2690 2252 2738 linguae

1883 2746 1964 2782 eius
1984 2751 2021 2782 et
2040 2744 2268 2794 loquebatur

1884 2798 2118 2837 confidenter

1884 2853 1968 2891 ³⁶Et
1986 2852 2155 2903 precepit
2170 2851 2241 2888 illis
2256 2861 2303 2888 ne
2319 2849 2379 2888 cui

1885 2907 2053 2946 dicerent
2072 2906 2120 2944 ad
2140 2905 2190 2943 illi
2210 2916 2274 2943 ma
