2504 3382
296 221 377 248 xm.
397 214 527 246 8—xu1.
548 204 624 259 39.]
678 204 1089 245 EUANGELIUM
1117 204 1226 243 SEC

299 296 382 326 Fol.
399 295 433 325 5.

298 337 501 384 Quaedam
521 336 664 374 centesi

298 403 406 428 mum
426 390 529 427 aliud
548 395 718 439 sexage-

299 444 440 481 simum
460 443 563 481 aliud
584 444 701 481 tricen

298 498 438 535 simum
457 497 543 546 ⁹qui
563 497 679 535 habet
699 509 747 534 au

299 563 359 589 res
379 551 557 588 audiendi
576 551 703 588 audiat

298 604 326 626 ¹⁰
333 605 381 642 Et
393 604 619 643 accedentes
629 605 792 654 discipu-

297 658 476 696 dixerunt
496 659 529 695 ei
550 671 666 707 quare
686 659 725 695 in
750 656 792 711 [li

298 713 490 761 parabolis
509 711 675 762 loqueris

298 766 347 803 ad
366 778 433 803 eos

299 818 388 856 1¹Ad
402 820 484 869 ipse
496 818 734 867 respondens
743 819 794 857 ait

298 872 368 910 illis
388 874 476 921 quia
495 873 604 910 uobis
625 873 742 910 datu-

297 933 354 963 est
374 938 486 964 nosse
505 927 696 975 myteriu-

297 980 406 1029 regni
424 980 524 1017 illius
544 985 671 1017 autem

298 1045 377 1071 non
392 1040 449 1070 est
469 1033 600 1070 datum
622 1033 720 1082 12qui

298 1087 399 1123 enim
421 1086 535 1123 habet
555 1086 703 1123 dabitur

296 1139 331 1177 ei
351 1145 388 1176 et
408 1139 617 1176 abundabit
639 1160 647 1169 ·
668 1139 733 1188 qui

297 1199 424 1230 autem
444 1205 522 1230 non
543 1192 657 1230 habet

297 1253 335 1283 et
355 1247 459 1295 quod
479 1246 592 1283 habet
611 1246 739 1283 aufere

295 1305 356 1336 tur
377 1300 426 1336 ab
445 1311 493 1337 eo

297 1352 426 1390 1⁸Ideo
447 1354 486 1390 in
505 1353 697 1402 parabolis
717 1353 754 1391 10

296 1418 395 1456 quor
412 1407 467 1444 eis
486 1414 526 1444 ut
546 1406 720 1445 uidentes

351 1472 430 1498 non
449 1461 605 1498 uideant

350 1521 387 1551 et
406 1515 603 1552 audientes

351 1569 507 1605 audiant
527 1574 563 1605 et
583 1580 662 1606 non

296 1653 523 1702 Intellegant
543 1666 592 1691 ne
613 1659 716 1703 qua-

296 1707 348 1744 do
368 1714 638 1745 conuertantur

297 1760 367 1798 ¹⁴et
386 1768 477 1798 tunc
498 1761 699 1810 inpleuitur

566 1829 586 1850 a

295 1863 334 1900 in
355 1862 409 1900 eis
428 1863 563 1912 profeti
583 1863 706 1901 eseiae

296 1917 457 1954 dicentis

351 1970 449 2008 uade
470 1976 507 2008 et
527 1970 587 2008 dic
608 1983 713 2020 popu

349 2023 387 2062 10
407 2024 494 2062 huic
515 2025 645 2062 auditu

349 2077 510 2115 audietis
529 2084 565 2115 et
585 2090 664 2116 non

348 2131 572 2180 intellegetis
592 2139 629 2169 et

348 2185 522 2223 uidentes
541 2186 628 2223 uide

348 2239 436 2276 bitis
456 2246 493 2276 et
512 2251 592 2276 non
612 2239 700 2277 uide

348 2293 437 2330 bitis
456 2292 700 2331 ¹⁵incrassatu

348 2352 406 2383 est
425 2347 528 2383 enim
549 2359 616 2384 cor
636 2359 688 2396 po

348 2399 428 2448 puli
447 2399 559 2437 huius
577 2408 615 2438 et
634 2414 683 2438 au

349 2453 451 2490 ribus
471 2454 635 2502 grauiter

349 2506 550 2544 audierunt
569 2514 606 2544 et
625 2519 697 2546 ocu

348 2558 407 2597 los
427 2572 516 2598 suos
536 2561 726 2599 cluserunt

349 2625 398 2650 ne
419 2613 575 2663 quando
595 2615 682 2652 uide

349 2673 415 2704 ant
435 2667 553 2705 oculis
574 2677 611 2705 et
631 2680 678 2706 au

349 2720 453 2758 ribus
473 2721 627 2759 audiant

351 2781 388 2812 et
407 2775 523 2812 corde
544 2774 669 2814 intelle

349 2835 443 2877 gant
462 2836 499 2866 et
519 2840 662 2867 conuer

349 2888 477 2919 tantur
494 2889 532 2921 et
551 2889 673 2922 sane·

348 2935 433 2974 illos

827 334 987 373 1⁶Uestri
1008 340 1135 372 autern
1155 333 1257 371 beati

827 389 926 427 oculi
945 389 1009 438 qui
1029 388 1160 426 uident
1179 394 1216 425 et

827 454 936 480 aures
956 454 1054 492 quae
1074 442 1231 478 audiunt

827 496 975 533 ¹⁷amen
999 495 1087 533 dico
1106 495 1218 532 uobis

827 550 933 600 quod
954 549 1059 586 multi
1080 548 1188 597 profe

827 610 886 641 tae
906 610 943 640 et
962 603 1046 639 iusti
1067 602 1266 650 cupierunt

827 657 955 694 uidere
975 668 1048 705 que
1068 655 1203 693 uidetis

827 717 864 748 et
883 722 962 747 non
982 709 1158 746 uiderunt

827 771 864 801 et
884 763 1012 801 audire
1033 774 1130 813 quae
1150 762 1238 799 audi

827 818 873 854 tis
893 823 930 854 et
949 829 1028 855 non
1049 816 1250 853 audierunt

827 870 944 908 ¹⁸Uos
963 882 1055 919 ergo
1076 870 1204 907 audite
1227 882 1319 919 para

827 924 957 961 bolam
977 924 1199 961 seminantis

826 978 985 1015 19omnis
1005 978 1069 1026 qui
1089 977 1194 1014 audit
1212 989 1280 1014 uer

825 1032 918 1068 bum
939 1031 1044 1079 regni
1068 1037 1105 1068 et
1125 1043 1204 1068 non

826 1084 1009 1133 intellegit
1028 1084 1133 1121 uenit

826 1137 949 1174 malus
969 1144 1006 1174 et
1026 1138 1123 1186 rapit
1144 1136 1246 1186 quod

827 1191 1055 1228 seminatum
1076 1197 1132 1228 est
1151 1191 1189 1227 in

828 1244 944 1282 corde
964 1244 1061 1281 illius
1080 1243 1140 1280 hic
1162 1249 1219 1281 est

827 1298 893 1346 qui
917 1309 1026 1335 secus
1045 1298 1149 1334 uiam
1170 1309 1210 1334 se

827 1351 991 1388 minatus
1011 1357 1068 1388 est
1088 1351 1186 1400 ²⁰qui
1206 1357 1319 1388 aute-

827 1416 942 1454 supra
961 1411 1115 1454 petrosa
1134 1405 1229 1442 semi

826 1467 939 1496 natus
959 1465 1015 1495 est
1035 1458 1096 1495 hic
1116 1466 1172 1495 est
1194 1458 1259 1507 qui

827 1513 988 1549 uerbum
1009 1512 1113 1549 audit
1132 1518 1168 1548 et

827 1566 1009 1603 continuo
1030 1576 1118 1602 cum
1138 1576 1213 1615 gau

827 1651 904 1688 Dio
925 1651 1061 1700 accipit
1081 1650 1172 1688 illud
1193 1650 1218 1672 2¹
1228 1651 1292 1688 sed

826 1717 905 1742 non
925 1705 1039 1741 habet
1060 1705 1097 1741 in
1118 1717 1158 1742 se
1178 1717 1218 1742 ra

825 1758 951 1796 dicem
975 1758 1041 1795 sed
1062 1765 1117 1796 est
1136 1765 1213 1795 tem

825 1812 965 1861 poralis
986 1811 1085 1848 facta
1106 1819 1222 1849 aute-

824 1865 1064 1902 tribulatione
1084 1877 1182 1914 prop

825 1925 881 1957 ter
899 1920 1060 1956 uerbum
1080 1919 1183 1955 conti

824 1984 904 2009 nuo
925 1972 1195 2009 scandalizatur

825 2026 924 2076 ²²qui
943 2033 1071 2063 autem
1092 2026 1131 2062 in
1151 2026 1268 2075 spinis

825 2080 1032 2118 seminatur
1051 2079 1111 2117 hic
1131 2087 1188 2116 est

825 2134 891 2183 qui
910 2134 1069 2170 uerbum
1090 2133 1195 2170 audit

824 2194 862 2224 et
882 2187 1095 2224 sollicitudo
1117 2199 1181 2224 sae

825 2240 898 2278 culi
919 2247 956 2278 et
975 2240 1152 2289 uoluptas
1172 2240 1211 2277 di

824 2294 1000 2331 uitiarum
1021 2294 1184 2332 suffocat

824 2348 983 2385 uerbum
1003 2353 1040 2384 et
1060 2348 1139 2385 sine
1159 2348 1241 2385 fruc

824 2408 864 2438 tu
884 2401 1041 2439 efficitur
1096 2402 1195 2450 2³qui
1215 2414 1262 2439 ue

824 2467 867 2492 ro
887 2455 925 2491 in
945 2461 1082 2492 terram
1104 2455 1238 2492 bona·-

826 2509 1034 2546 seminatus
1054 2515 1111 2546 est
1130 2508 1192 2546 hic

825 2569 881 2599 est
901 2563 967 2612 qui
987 2562 1091 2599 audit
1109 2563 1256 2599 uerbu-

825 2622 862 2653 et
881 2616 1063 2664 intellegit
1084 2637 1092 2645 ·
1114 2623 1205 2654 tunc

823 2669 985 2707 fructum
1007 2669 1129 2707 adfert

824 2730 861 2761 et
881 2723 970 2760 facit
991 2723 1080 2761 aliut
1100 2722 1245 2773 quide-

825 2784 1066 2814 centesrmu*

826 2831 917 2868 aliut
936 2842 1077 2880 sexage

824 2885 964 2922 simum
984 2884 1086 2923 aliud

1745 203 1832 241 MA
1844 203 1920 242 TT
1912 204 1956 242 E
1958 203 2050 242 UM

1390 291 1472 321 Fol.
1492 291 1526 320 6.

1389 332 1671 370 Tricensimum

1389 387 1416 408 ²⁴
1424 386 1551 423 Aliam
1570 385 1795 434 parabulam
1815 399 1885 436 pro

1389 440 1517 488 posuit
1536 440 1606 476 illis
1626 439 1756 477 dicens
1778 461 1786 470 ·
1808 441 1838 478 si

1388 493 1476 530 mile
1497 499 1554 530 est
1572 505 1733 541 regnum
1754 506 1820 531 cae

1388 547 1511 584 lorum
1531 546 1676 583 homini
1696 547 1760 596 qui
1781 559 1820 584 se

1388 600 1546 637 minauit
1566 611 1712 636 uonum
1733 612 1772 637 se

1389 666 1479 690 men
1499 654 1537 690 in
1557 665 1649 702 agro
1670 665 1738 691 suo

1388 708 1415 729 ²⁶
1424 707 1524 745 Cum
1545 713 1672 744 autem
1692 707 1873 745 romirent

1389 760 1566 798 homines
1586 761 1691 797 uenit
1710 761 1762 797 ini

1389 815 1509 851 micus
1529 820 1565 851 et
1586 814 1798 862 supersemi

1389 868 1494 905 nauit
1514 868 1658 904 zizania
1677 868 1716 904 in
1736 868 1780 904 tri

1388 922 1503 959 ticum
1517 928 1554 959 et
1566 921 1656 958 abiit
1672 938 1680 946 ·
1693 920 1792 959 2ised
1807 929 1880 958 cu-

1388 975 1569 1013 creuisset
1588 975 1705 1012 herba
1725 982 1761 1012 et
1781 975 1861 1012 fruc

1388 1035 1469 1066 tum
1489 1029 1637 1066 fecisset
1657 1035 1747 1066 tunc
1767 1040 1816 1078 ap

1389 1088 1592 1131 paruerunt
1611 1082 1775 1119 zizaniae

1389 1135 1677 1173 ²⁷Accesserunt
1697 1142 1825 1172 autem

1390 1190 1486 1226 serui
1506 1188 1788 1237 patrisfamilias

1390 1249 1426 1280 et
1445 1243 1619 1279 dixerunt
1638 1243 1673 1279 ei
1693 1243 1768 1279 dfie

1389 1308 1519 1333 nonne
1541 1297 1686 1333 bonum
1708 1308 1748 1334 se

1390 1362 1480 1386 men
1501 1350 1693 1386 seminasti
1715 1351 1752 1386 in
1773 1362 1796 1387 a

1390 1416 1460 1452 gro
1479 1409 1544 1440 tuo
1564 1404 1668 1440 unde
1688 1415 1781 1451 ergo

1390 1457 1502 1493 habet
1522 1457 1667 1494 zizania
1688 1479 1696 1487 ·
1717 1455 1788 1494 ²⁸et
1810 1456 1861 1494 ait

1389 1511 1458 1546 illis
1479 1510 1653 1547 inimicus
1674 1510 1790 1547 homo

1390 1564 1465 1601 hoc
1485 1563 1572 1601 fecit
1592 1564 1722 1602 dicunt
1745 1564 1780 1601 ei

1392 1649 1499 1686 Serui
1519 1650 1576 1687 uis
1596 1649 1693 1687 imus
1713 1655 1749 1687 et
1769 1649 1829 1687 col

1390 1703 1541 1751 ligimus
1557 1715 1603 1740 ea
1624 1723 1632 1732 ·
1653 1704 1721 1740 29et
1737 1704 1786 1740 ait
1801 1710 1886 1741 no-

1389 1769 1437 1793 ne
1458 1756 1552 1795 forte
1572 1756 1790 1805 colligentes

1389 1811 1535 1848 zizania
1554 1811 1751 1848 eradicetis

1390 1864 1501 1900 simul
1520 1871 1557 1901 et
1577 1864 1754 1901 tritticum

1389 1917 1491 1955 ⁸⁰sed
1511 1918 1620 1955 sinite
1641 1925 1799 1966 utraque

1389 1983 1557 2009 crescere
1575 1983 1695 2020 usque
1716 1972 1765 2008 ad

1388 2036 1554 2062 messem
1574 2033 1609 2062 et
1629 2026 1667 2061 in
1687 2032 1765 2062 tem

1388 2090 1479 2127 pore
1499 2079 1634 2115 messis
1654 2078 1781 2115 dicam

1388 2132 1619 2169 messoribus
1641 2153 1650 2162 ·
1671 2132 1758 2169 colli

1388 2186 1462 2234 gite
1483 2186 1649 2234 primum
1669 2186 1749 2223 ziza.

1388 2240 1452 2277 nia
1470 2246 1506 2277 et
1525 2239 1676 2288 alligate
1697 2251 1742 2276 ea
1762 2239 1818 2277 fas

1388 2293 1530 2330 ciculos
1551 2294 1600 2330 ad
1619 2294 1761 2330 combu

1389 2346 1550 2384 rendum
1572 2368 1581 2376 ·
1601 2347 1769 2384 tritticu-

1389 2407 1515 2438 autem
1536 2412 1752 2449 congraega

1389 2461 1425 2491 te
1446 2455 1485 2490 in
1503 2453 1681 2491 horreum
1701 2461 1818 2491 meu-

1387 2507 1549 2545 ³¹Aliam
1569 2508 1792 2556 parabolam
1811 2507 1849 2545 lo

1388 2568 1498 2598 cutus
1518 2569 1573 2598 est
1593 2562 1646 2599 eis
1665 2561 1796 2599 dicens

1389 2615 1508 2652 simile
1528 2623 1584 2652 est
1604 2627 1765 2663 regnum

1390 2669 1578 2706 caelorum
1600 2680 1721 2717 grano

1390 2722 1532 2771 sinapis
1552 2722 1657 2772 quod
1678 2721 1801 2771 accipi

1389 2788 1458 2813 ens
1479 2776 1596 2813 homo
1617 2777 1764 2814 semina

1388 2830 1443 2867 uit
1461 2830 1500 2866 in
1520 2841 1656 2878 agrum
1676 2833 1779 2866 suu*

1389 2883 1530 2933 ⁸²qu0d
1550 2884 1753 2921 minimum
1772 2882 1837 2933 qui

1329 3010 1392 3035 ΒΖ

2392 219 2412 254 02

1917 332 2019 370 Dem
2040 338 2097 370 est
2116 333 2299 371 omnibus

1918 387 2126 424 seminibus
2148 408 2156 416 ·
2176 399 2265 424 curn

1916 446 2044 477 autem
2064 440 2224 477 creberit

1917 494 2040 530 maius
2061 494 2100 530 fit
2121 495 2301 531 omnibus

1916 547 2109 585 holeribus
2130 554 2165 584 et
2186 548 2226 584 fit
2246 560 2289 584 ar

1917 601 1986 637 bor
2005 601 2055 637 ita
2075 608 2115 637 ut
2135 601 2287 638 uoluere

1917 654 1987 691 celi
2008 654 2161 691 ueniant
2181 661 2217 691 et
2236 655 2299 692 abi

1917 713 1998 744 tent
2019 708 2057 743 in
2078 708 2191 744 ramis
2211 708 2291 744 eius

1918 760 1999 796 XL³³
2018 760 2143 797 Aliam
2163 761 2385 809 parabolam

1917 814 2068 851 locutus
2088 821 2145 851 est
2164 815 2218 851 eis
2239 815 2324 851 simi

1918 867 1952 904 le
1972 874 2028 905 est
2047 879 2208 916 regnum
2230 880 2297 905 cae

1918 921 2042 958 lorum
2062 921 2251 958 fermento

1918 975 2023 1024 quod
2043 981 2241 1023 acceptum
2261 986 2329 1011 mu

1916 1028 1984 1065 lier
2003 1028 2202 1065 abscondit
2221 1029 2260 1065 in

1917 1081 2077 1119 farinam
2098 1094 2233 1119 mensu

1918 1136 1968 1172 ris
1988 1136 2106 1172 tribus
2126 1135 2249 1172 donec
2269 1134 2325 1172 fer

1917 1196 2127 1226 mentatum
2148 1196 2204 1225 est
2224 1194 2335 1225 totu*

1918 1242 2046 1279 8⁴haec
2067 1242 2198 1279 omnia
2217 1242 2306 1279 locu

1917 1302 1976 1333 tus
1997 1301 2052 1332 est
2071 1295 2129 1332 ihs
2149 1295 2186 1331 in
2207 1307 2299 1344 para

1919 1349 2016 1386 bolis
2036 1349 2085 1386 ad
2105 1350 2235 1386 turbas
2255 1354 2293 1386 et

1919 1403 2000 1440 sine
2020 1402 2212 1451 parabolis
2231 1408 2314 1440 no*

1918 1456 2146 1505 loquebatur
2165 1456 2230 1493 eis·

1919 1509 1993 1546 ³5ut
2013 1510 2232 1558 impleretur
2251 1508 2357 1559 quod

1919 1563 2062 1601 dictum
2082 1570 2138 1601 est
2157 1575 2226 1613 per
2245 1575 2316 1612 pro

1919 1649 2051 1687 Fetarn
2071 1649 2263 1686 dicentem

1973 1703 2141 1751 aperiam
2161 1703 2200 1739 in
2219 1703 2364 1752 parabo

1972 1756 2018 1794 lis
2038 1768 2082 1793 os
2101 1767 2230 1794 meum
2250 1768 2340 1794 eruc

1972 1811 2090 1847 tuabo
2109 1810 2298 1847 absconsa

1973 1870 2060 1900 ante
2080 1864 2298 1901 constitutio

1973 1928 2063 1954 nem
2083 1917 2216 1954 mundi

1918 1971 2041 2008 ³⁶tunc
2062 1970 2203 2007 dimisit
2222 1970 2352 2008 turbas

1917 2025 2023 2062 uenit
2042 2024 2081 2060 in
2097 2024 2255 2062 domum
2276 2031 2312 2061 et

1919 2084 2157 2115 accesserunt
2178 2078 2226 2114 ad
2246 2082 2326 2115 eu*

1919 2131 2094 2181 discipuli
2114 2131 2194 2168 eius
2214 2131 2326 2169 dicen

1921 2191 1976 2223 tes
1996 2197 2133 2223 enarra
2151 2186 2264 2222 nobis
2284 2197 2334 2234 pa

1920 2239 2092 2276 rabolam
2113 2239 2223 2276 tritici
2244 2245 2281 2276 et

1919 2293 2149 2330 zizaniorum
2169 2293 2250 2341 agri

1919 2346 2016 2383 ³⁷Ad
2036 2347 2092 2383 ihs
2112 2344 2347 2394 respondens
2368 2345 2419 2383 ait

1920 2400 1984 2450 qui
2005 2400 2165 2437 seminat
2185 2400 2320 2437 bonu‘

1919 2466 2052 2492 semen
2073 2454 2171 2490 filius
2191 2453 2298 2490 homi

1920 2508 1979 2545 nis
1994 2515 2051 2545 est
2067 2529 2076 2538 ·
2121 2506 2149 2528 ³⁸
2158 2519 2249 2556 ager
2263 2512 2392 2544 autem

1920 2561 1982 2598 hic
2002 2560 2170 2598 mundus
2191 2576 2199 2585 ·
2218 2561 2352 2598 bonu·-

1919 2627 2011 2652 uero
2031 2626 2166 2651 semen
2188 2635 2196 2645 ·
2217 2614 2256 2650 hi
2276 2620 2364 2651 sunt

1920 2669 1972 2705 fili
1992 2668 2098 2718 regni
2119 2688 2128 2697 ·
2150 2668 2296 2705 zizania

1920 2729 2046 2760 autem
2067 2721 2128 2758 filii
2148 2729 2236 2759 sunt
2256 2734 2305 2759 ne

1921 2776 2060 2825 quitiae
2083 2797 2091 2806 ·
2112 2776 2322 2813 ⁸⁹inimicus

1920 2836 2050 2868 autem
2070 2829 2136 2879 qui
2157 2830 2304 2867 semina

1921 2883 1976 2921 uit
1995 2895 2041 2922 ea
2062 2904 2072 2915 ·
2091 2883 2264 2922 diabolus
2283 2889 2341 2921 est
