2504 3382
182 205 229 230 10

174 280 256 311 Pol.
276 283 333 311 19.

177 323 319 362 Perunt
338 324 508 373 singulos
528 325 565 362 di

176 379 303 416 narios
376 378 605 416 1⁰uenientes
625 390 673 416 au

177 439 254 469 tem
274 438 310 469 et
331 433 439 481 primi
460 433 597 469 arbitra

176 486 202 522 ti
223 494 309 523 sunt
325 487 430 535 quod
445 486 530 535 plus
546 492 673 523 essent

177 539 372 588 adcepturi

175 593 453 641 ¹¹Adceperunt
473 599 600 630 autem
619 599 657 630 et

174 647 246 696 ipsi
267 646 436 695 singulos
456 647 624 685 dinarios

176 707 213 738 et
232 700 465 750 adcipientes
484 713 570 738 mur

176 762 420 792 murauerunt
439 755 557 791 aduer

176 820 261 845 sum
282 808 604 857 patremfamilia-

175 861 376 899 ¹²dicentes
395 861 432 898 hi
454 863 650 900 nouissimi

175 928 252 953 una
272 916 363 954 hora
383 916 551 954 fecerunt

176 977 213 1007 et
232 982 342 1019 pares
361 970 443 1007 illos
463 970 574 1007 nobis
593 969 627 1007 fe

175 1024 278 1062 cistis
298 1024 363 1073 qui
383 1024 618 1072 portauimus

174 1077 326 1126 pondus
346 1078 419 1114 diei
439 1084 474 1114 et
495 1085 597 1114 estus

175 1131 270 1168 ¹³Ad
283 1131 343 1168 ille
356 1130 591 1180 respondens
606 1131 672 1168 uni

175 1197 308 1223 eorum
329 1185 423 1222 dixit
442 1185 563 1222 amice

175 1251 255 1276 non
274 1239 372 1276 facio
393 1239 459 1276 tibi
479 1239 587 1275 iniuri

175 1304 239 1329 am
258 1304 388 1329 nonne
409 1305 455 1329 ex
478 1293 622 1330 dinario

174 1347 388 1384 conuenisti
409 1358 560 1383 mecum

174 1400 299 1437 14tolle
318 1400 421 1450 quod
441 1407 548 1438 tuum
569 1407 624 1437 est

175 1461 212 1491 et
232 1454 329 1491 uade
350 1454 440 1491 uolo
461 1462 587 1491 autem

175 1515 212 1545 et
231 1507 318 1545 huic
339 1508 552 1545 nouissimo

175 1561 264 1599 dare
285 1562 379 1599 sicut
399 1570 435 1598 et
454 1562 522 1599 tibi

174 1701 286 1738 ¹⁵Aut
305 1713 384 1738 non
403 1701 489 1739 licet
509 1701 601 1738 mihi

174 1755 295 1793 facere
315 1755 419 1804 quod
439 1755 530 1793 uolo

175 1821 224 1846 an
244 1809 374 1847 oculus
395 1817 479 1846 tuus
500 1821 548 1846 ne

175 1875 251 1912 qua
270 1871 325 1900 est
346 1864 434 1912 quia
454 1875 526 1912 ego
548 1864 598 1900 bo

175 1929 246 1954 nus
267 1929 352 1954 sum

174 1970 273 2008 1⁶Sic
294 1978 404 2008 erunt
423 1971 620 2008 nouissimi

175 2025 288 2073 primi
307 2035 343 2062 et
364 2025 472 2073 primi
492 2025 603 2063 nouis

176 2079 259 2115 simi

177 2130 290 2169 Multi
311 2132 413 2169 enim
434 2138 521 2169 sunt
541 2144 591 2169 uo

175 2186 247 2223 cati
268 2187 377 2235 pauci
398 2198 489 2223 uero
511 2187 620 2224 electi

528 2250 551 2270 n

175 2282 308 2319 LCIH¹⁷
320 2283 378 2320 Et
389 2285 553 2320 ascendes
565 2284 623 2321 ihs
635 2286 675 2322 in

177 2336 439 2385 hierosolymis
459 2339 621 2387 adsump

177 2391 224 2427 sit
243 2391 446 2429 duodecim
466 2392 613 2441 discipu

175 2444 233 2481 los

176 2498 226 2534 Et
246 2499 295 2535 ait
319 2499 388 2536 illis
408 2499 532 2537 18ecce
555 2512 670 2538 ascen

178 2552 303 2588 dimus
323 2553 360 2589 in
381 2553 556 2591 hierosoli

178 2617 242 2642 ma
262 2614 297 2642 et
318 2607 413 2643 filius
434 2607 539 2645 homi

177 2658 236 2695 nis
258 2660 420 2696 tradetur
438 2661 559 2708 princi

178 2712 290 2760 pibus
310 2714 550 2751 sacerdotum

178 2773 214 2802 et
236 2766 366 2802 scribis
385 2773 421 2803 et
441 2768 606 2805 condem

179 2819 326 2856 nabunt
345 2832 406 2856 me
426 2822 538 2857 morti

177 2872 249 2910 ¹⁴³et
269 2873 416 2910 tradent
436 2886 524 2910 eum
545 2887 619 2922 gen

385 2926 415 2956 el

179 2969 280 3006 tibus
299 2968 346 3006 ad
367 2969 574 3008 dulendum

179 3033 216 3062 et
236 3024 508 3074 flagellandum

417 193 461 230 E
464 193 530 231 UA
538 193 829 232 NGELIUM
856 194 933 233 SE
933 195 967 233 C

705 326 755 364 Et
775 326 877 364 cruci
896 325 1092 375 figendum

706 389 742 417 et
762 381 869 418 tertia
889 381 950 418 die
968 387 1139 429 resurget

705 434 856 472 ²⁰Tunc
872 434 1034 472 adcessit
1049 435 1097 472 ad
1113 447 1202 472 eum

705 496 827 525 mater
847 488 1011 525 filiorum
1031 502 1073 526 ze

705 542 817 579 bedei
837 554 926 579 cum
946 541 1029 580 filiis
1049 542 1098 579 ad

706 608 818 634 orans
838 603 874 633 et
894 603 1026 645 petens
1046 597 1094 634 ali

705 650 798 699 quid
817 651 865 687 ab
884 663 931 688 eo
1092 648 1201 702 [quid

705 703 828 753 211pse
871 711 999 741 autem
1037 703 1132 741 dixit
1169 704 1202 742 ei

705 758 764 795 uis
785 758 835 795 ait
853 764 890 795 et
910 757 970 795 illa
991 758 1050 795 dic
1071 764 1112 795 ut

707 812 864 850 sedeant
883 811 934 848 hii
955 811 1030 849 duo
1050 811 1101 848 fili

706 866 782 903 mei
801 877 899 903 unus
920 865 968 902 ad
989 865 1147 902 dextra-

707 926 810 956 tuam
832 926 867 956 et
887 931 985 955 unus
1005 919 1052 956 ad
1074 920 1103 956 si

707 974 862 1011 nistram
882 974 921 1009 in
942 984 1063 1021 regno

705 1034 772 1065 tuo

705 1079 998 1129 2²Resp0ndens
1017 1086 1145 1117 autem

705 1135 777 1172 illis
796 1134 853 1171 ihs
874 1134 1027 1171 nescitis
1048 1134 1140 1183 quid

705 1189 842 1237 petatis
862 1188 1022 1237 potestis
1041 1188 1130 1225 bibe

704 1254 743 1279 re
763 1242 921 1279 calicem
941 1253 1057 1291 quem

705 1308 778 1344 ego
798 1296 984 1333 bibiturus
1005 1307 1091 1332 sum

704 1350 833 1386 dicunt
853 1349 886 1385 ei
908 1361 1111 1397 possumus

703 1403 803 1440 23Ait
816 1403 886 1440 illis
899 1403 956 1440 ihs
970 1403 1126 1440 calicem
1135 1403 1200 1453 qui

705 1457 792 1495 dem
814 1469 943 1494 meum
964 1457 1089 1494 bibitis

704 1511 834 1549 sedere
854 1519 982 1547 autem
1004 1510 1052 1548 ad

704 1565 877 1602 dextram
897 1577 1025 1602 meam

703 1705 779 1742 Uel
799 1705 847 1743 ad
868 1705 1056 1742 sinistram
1076 1711 1157 1742 no*

704 1766 761 1797 est
781 1771 910 1796 meum
931 1759 1020 1796 dare
1041 1759 1152 1796 uobis

704 1813 771 1850 sed
791 1813 930 1862 quibus
951 1819 1123 1861 paratum

705 1874 761 1903 est
782 1879 804 1903 a
824 1874 928 1916 patre
948 1878 1035 1904 meo

704 1920 790 1957 24Εἰ
809 1921 1005 1957 audientes
1025 1920 1158 1958 decem

705 1975 913 2012 contristati
934 1981 1020 2011 sunt
1041 1974 1088 2011 de

706 2029 856 2065 duobus
875 2028 1050 2065 fratribus

705 2082 807 2118 2⁵Ihs
828 2089 953 2120 autem
969 2082 1122 2120 uocauit
1138 2093 1204 2119 eos

707 2136 755 2173 ad
778 2148 817 2173 se
838 2144 874 2173 et
894 2137 943 2173 ait

710 2189 818 2227 Scitis
839 2190 944 2239 quod
964 2189 1145 2239 principis

708 2244 879 2292 gentium
899 2243 1143 2280 dominantur

708 2309 840 2334 eorum

708 2350 755 2387 Et
776 2352 841 2400 qui
861 2351 1023 2388 maiores
1045 2357 1132 2387 sunt
1153 2363 1204 2400 po

707 2412 882 2441 testatem
903 2404 1043 2441 habent
1063 2405 1101 2440 in

707 2459 760 2496 eis
782 2458 911 2495 25inter
930 2470 1000 2495 uos
1021 2466 1147 2494 autem

706 2524 785 2549 non
806 2513 874 2549 erit
895 2512 947 2549 sic
968 2512 1034 2549 sed
1054 2512 1119 2561 qui

707 2578 871 2614 cumque
891 2565 1051 2603 uoluerit

706 2620 801 2656 inter
821 2631 890 2657 uos
910 2620 1032 2656 maior
1052 2618 1131 2656 fieri

706 2674 775 2710 erit
794 2681 920 2710 uester
939 2673 1109 2710 minister

705 2726 790 2764 ²⁷Et
811 2727 876 2776 qui
897 2727 1056 2764 uoluerit
1076 2727 1173 2764 inter

705 2792 776 2817 uos
797 2782 940 2829 primus
961 2793 1043 2818 esse
1064 2780 1133 2817 erit

706 2842 830 2871 uester
851 2846 982 2871 seruus
1000 2834 1027 2854 ²⁸
1037 2835 1133 2871 sicut

707 2887 803 2924 filius
824 2888 990 2925 hominis
1010 2888 1098 2925 trari

709 2940 776 2977 sed
795 2941 1006 2978 ministrare
1027 2948 1063 2978 et

1647 198 1735 236 MA
1748 198 1958 238 TTEUM
2016 199 2099 254 [xx.
2119 215 2246 251 9-XX1.
2267 210 2299 241 8.

1272 286 1354 315 Fol.
1369 286 1427 316 20.

1273 329 1376 366 Dare
1396 329 1564 366 animam
1584 341 1694 366 suam

1272 382 1572 432 redemptionem
1594 394 1663 431 pro

1272 436 1398 473 multis
1495 448 1566 473 uos
1587 444 1714 474 autem

1271 490 1449 539 quaeritis
1470 490 1516 527 de
1539 490 1677 538 pusillo

1270 556 1437 581 crescere
1458 551 1493 581 et
1512 544 1559 580 de
1579 544 1682 581 maio

1271 610 1311 634 re
1331 598 1498 635 minores
1518 609 1599 635 esse

1271 650 1459 689 Intrantes
1481 659 1606 688 autem
1627 657 1664 688 et
1684 662 1727 688 ro

1271 705 1347 754 gati
1367 705 1416 742 ad
1436 717 1571 743 cenam
1592 705 1709 742 nolite

1271 760 1492 796 recumbere
1512 759 1665 796 emine*

1270 813 1429 850 tioribus
1448 813 1541 850 locis
1562 824 1609 849 ne
1628 811 1684 849 for

1272 875 1307 904 te
1329 867 1464 904 clarior
1484 873 1519 904 te
1540 878 1701 915 superue

1271 921 1349 957 niat
1370 926 1406 957 et
1426 920 1615 958 adcedens
1636 920 1702 969 qui

1271 981 1306 1011 te
1328 974 1376 1011 ad
1396 986 1530 1011 cenam
1551 974 1702 1011 uocauit

1272 1028 1369 1065 dicat
1390 1028 1455 1065 tibi
1475 1027 1600 1065 adhuc
1620 1027 1714 1065 deor

1272 1094 1358 1120 sum
1378 1081 1520 1120 adcede
1542 1088 1578 1119 et
1598 1080 1739 1119 consu*

1272 1136 1370 1173 daris

1273 1189 1311 1226 si
1331 1196 1458 1226 autem
1479 1189 1518 1225 in
1538 1188 1624 1227 1000
1644 1187 1720 1226 infe

1270 1243 1367 1281 riore
1388 1243 1604 1280 recubueris

1270 1304 1307 1334 et
1328 1297 1588 1346 superuenerit
1606 1296 1659 1333 hu

1269 1351 1394 1388 milior
1413 1358 1448 1387 te
1469 1350 1560 1387 dicit
1580 1350 1645 1387 tibi

1269 1405 1334 1454 qui
1353 1412 1388 1441 te
1408 1404 1562 1441 uocabit
1581 1404 1629 1441 ad
1650 1415 1694 1440 00

1270 1470 1360 1495 nam
1381 1458 1474 1495 adce
1494 1457 1617 1494 adhuc
1637 1469 1681 1493 su

1270 1513 1394 1561 perius
1415 1518 1449 1548 et
1469 1512 1537 1548 erit
1557 1511 1631 1548 hoc
1652 1510 1719 1548 tibi

1270 1565 1394 1602 utilius

1270 1703 1420 1741 ΜῚΙΙΙΔΞΘ
1435 1703 1493 1741 Et
1507 1703 1768 1752 egredientibus

1270 1759 1342 1796 illis
1362 1759 1412 1795 ab
1431 1758 1572 1796 iericho
1593 1770 1682 1796 secu

1271 1820 1308 1850 ta
1328 1820 1384 1850 est
1404 1824 1493 1850 eum
1513 1812 1624 1850 turba
1643 1811 1723 1848 mul

1271 1873 1309 1904 ta
1628 1863 1765 1918 [sede-

1270 1920 1355 1957 ³⁰Et
1402 1932 1493 1957 ecce
1541 1919 1619 1957 duo
1666 1919 1770 1958 caeci

1271 1981 1326 2011 tes
1347 1986 1456 2011 secus
1477 1974 1578 2010 uiam
1600 1973 1689 2010 audi

1271 2036 1379 2065 erunt
1400 2027 1504 2077 quod
1527 2028 1585 2064 ihs
1606 2035 1690 2064 tran

1271 2083 1317 2119 sit
1335 2081 1648 2119 exclamauerunt

1272 2136 1444 2173 dicentes
1464 2136 1641 2172 miserere

1271 2191 1384 2227 nobis
1403 2189 1455 2226 fili
1475 2188 1589 2225 dauid

1272 2243 1298 2264 ⁸1
1309 2243 1441 2281 Turba
1461 2250 1587 2280 autem
1608 2242 1712 2280 incre

1272 2298 1414 2346 pabant
1434 2308 1500 2333 eos
1519 2303 1560 2333 ut
1580 2303 1751 2334 tacere-t

1273 2351 1320 2387 ad
1340 2351 1390 2387 illi
1410 2351 1534 2399 magis
1553 2350 1676 2387 clama

1272 2406 1362 2442 bant
1382 2403 1549 2441 dicentes
1569 2404 1665 2440 mise

1272 2471 1353 2495 rere
1374 2458 1483 2495 nobis
1504 2457 1578 2494 dfie
1599 2457 1650 2493 fili

1272 2511 1387 2549 dauid

1272 2565 1356 2602 3²Et
1376 2565 1475 2602 stetit
1496 2565 1552 2601 ihs
1568 2571 1603 2602 et
1617 2564 1768 2601 uocauit

1272 2631 1338 2657 eos
1358 2627 1394 2656 et
1415 2620 1464 2656 ait
1484 2619 1556 2655 illis
1576 2619 1669 2667 quid

1272 2673 1384 2710 uultis
1404 2680 1443 2710 ut
1462 2672 1601 2710 faciam
1623 2683 1674 2709 uo

1271 2727 1330 2764 bis

1271 2780 1448 2818 ⁸³Dicunt
1469 2780 1520 2817 illi
1542 2780 1616 2817 dfie
1636 2786 1677 2816 ut
1696 2791 1769 2828 ape

1271 2835 1414 2872 riantur
1433 2834 1531 2872 oculi
1552 2845 1622 2870 nos

1271 2889 1318 2925 tri
1489 2887 1517 2907 ³³
1527 2888 1700 2925 misertus
1720 2899 1768 2924 au

1271 2948 1350 2978 tem
1370 2941 1439 2978 illis
1459 2941 1517 2978 ihs
1537 2941 1665 2989 tetegit

1804 331 1949 370 Oculos
1967 344 2101 369 eorum
2121 340 2157 370 et
2177 339 2253 370 00-

1802 385 1928 422 sestim
1948 386 2126 424 uiderunt
2145 393 2182 424 et
2202 398 2243 423 se

1802 439 1877 475 cuti
1898 446 1985 476 sunt
2005 452 2093 477 eum

1801 500 1852 527 Lx
1873 492 1932 527 21¹
1966 493 2024 530 Et
2052 506 2133 530 cum
2167 494 2299 542 adpro-

2119 545 2300 599 [pz‘nquas

1802 605 1859 636 set
1878 599 2153 649 iherosolomys

1801 658 1839 689 et
1857 653 2024 690 uenisset
2043 655 2083 690 in
2102 654 2192 692 beth

1801 705 1886 754 fage
1907 706 1946 742 in
1965 714 2139 745 montem

1800 759 1932 796 oliueti

1802 811 1918 850 Tunc
1938 812 1996 850 ihs
2015 813 2115 851 misit
2131 813 2228 851 duos
2243 813 2300 852 dis

1801 866 1949 915 cipulos
1970 879 2060 904 suos
2079 867 2232 905 2dicens

1801 920 1851 957 ite
1872 920 1910 957 in
1931 921 2129 958 castellum
2149 920 2253 970 quod

1801 980 1935 1011 contra
1954 986 2025 1012 uos
2044 982 2100 1012 est
2118 981 2155 1012 et
2175 981 2253 1013 co-

1800 1027 1926 1065 festim
1946 1029 2147 1066 inuenietis

1801 1082 1948 1118 asinam
1969 1082 2162 1131 alligatam

1801 1141 1839 1172 et
1859 1136 2005 1184 pullum
2025 1148 2113 1173 cum
2135 1148 2181 1174 ea

1801 1189 1934 1226 soluite
1954 1196 1991 1227 et
2012 1189 2188 1227 adducite

1801 1242 1892 1279 mihi
1957 1244 2013 1280 ³et
2033 1244 2064 1280 si
2084 1244 2169 1292 quis
2187 1243 2300 1282 uobis

1801 1296 1944 1346 aliquid
1964 1297 2096 1334 dixerit
2117 1298 2192 1335 dici

1801 1357 1837 1388 te
1859 1350 1948 1399 quia
1968 1351 2052 1389 dms
2072 1363 2231 1400 operam

1801 1415 1935 1441 eorum
1955 1404 2142 1442 desiderat

1801 1464 1839 1494 et
1858 1457 2060 1495 confestim
2080 1459 2189 1496 remit

1801 1517 1854 1547 tet
1873 1523 1941 1548 eOS

1799 1564 1913 1601 ⁴1Hoc
1933 1571 2060 1601 autem
2082 1565 2224 1603 facturn

1800 1624 1858 1654 est
1879 1623 1920 1654 ut
1940 1618 2144 1667 inpleretur

1802 1703 1923 1749 Quod
1944 1703 2087 1741 dictum
2107 1711 2164 1741 est

1802 1770 1871 1807 per
1890 1757 2076 1807 profetam
2097 1758 2208 1795 dicen

1802 1819 1881 1850 tem
1991 1811 2122 1849 ⁵dicite
2143 1812 2241 1849 filiae

1856 1867 1940 1903 sion
1960 1878 2049 1903 ecce
2068 1878 2134 1903 rex
2154 1872 2241 1903 tuus

1857 1919 1961 1957 uenit
1981 1919 2048 1956 tibi
2069 1931 2206 1956 mansu

1857 1980 1939 2010 etus
1959 1973 2096 2010 sedens
2117 1985 2232 2022 super

1857 2027 2003 2065 asinam
2023 2034 2060 2064 et
2079 2027 2225 2075 pullum

1855 2081 2050 2118 nouellum
2071 2081 2184 2117 subiu

1856 2134 1983 2183 galem

1801 2188 1969 2226 ⁵Euntes
1988 2195 2115 2225 autem
2136 2187 2231 2226 disci

1801 2243 1880 2291 puli
1900 2242 2067 2279 fecerunt
2089 2243 2186 2279 sicut

1802 2296 1973 2345 precepit
1993 2295 2063 2331 illis
2084 2295 2141 2332 ins
2161 2295 2220 2332 '‘et
2239 2294 2289 2332 ad

1802 2349 1992 2386 duxerunt
2013 2349 2160 2386 asinam
2179 2355 2216 2385 et

1801 2403 1949 2452 pullum
1971 2408 2007 2439 et
2028 2403 2270 2455 inposueruss

1802 2468 1915 2505 super
1933 2468 2021 2492 eum
2042 2456 2230 2493 uestime-

1801 2517 1839 2547 ta
1859 2516 1895 2547 et
1916 2510 2072 2547 sedebat
2093 2521 2204 2558 super
2219 2516 2296 2547 eu-

1801 2564 1859 2601 ihs

1802 2617 1993 2654 ⁸Plurima
2011 2623 2139 2654 autem
2158 2624 2219 2654 tur

1802 2672 1853 2709 ba
1874 2672 2157 2708 substrauerunt

1803 2725 2030 2762 uestimenta
2051 2735 2119 2761 sua
2139 2723 2178 2759 in

1803 2779 1865 2815 uia
1885 2778 1945 2814 alii
1965 2784 2092 2814 autem
2113 2776 2205 2813 cede

1803 2833 1895 2868 bant
1915 2842 2042 2867 ramos
2061 2830 2108 2867 de
2128 2830 2222 2866 arbo

1802 2886 1905 2922 ribus
1925 2891 1961 2922 et
1981 2889 2195 2922 strauerunt

1802 2938 1840 2975 in
1861 2939 1922 2975 uia
