2504 3382
174 205 219 230 12

172 280 256 310 Pol.
273 280 331 310 23.

227 322 289 360 hic
310 323 431 361 factus
450 330 506 360 est
525 323 562 359 in
584 334 630 360 ca

228 384 297 426 put
317 377 446 426 anguli
465 389 488 413 a
508 377 585 413 dno

227 430 350 468 factus
370 431 429 468 hic
451 438 508 467 est
528 431 622 466 mira

228 484 310 521 bilis
330 484 369 521 in
389 484 508 521 oeulis
527 495 598 520 nos

226 538 291 574 tris
567 534 668 588 [aufe

175 591 203 612 ⁴³
217 591 312 628 Ideo
339 589 424 627 dico
443 590 554 627 uobis
577 590 667 640 quia

174 651 274 681 retur
295 656 316 680 a
335 644 446 681 uobis
464 656 627 692 regnum

173 698 213 735 di
233 705 270 735 et
289 697 439 735 dabitur
458 699 560 746 genti
581 697 653 735 faci

173 752 251 789 enti
271 751 433 789 fructum
454 752 535 788 eius

173 807 201 826 ⁴⁵
213 805 263 843 Et
279 817 368 843 cum
385 805 550 842 audisset
562 805 666 853 prin-

552 856 667 910 [cipis

174 912 417 951 sacerdotum
439 919 476 950 et
493 913 656 962 pharisei

173 967 376 1017 parabolas
397 967 477 1003 eius
498 978 624 1015 cogno

173 1028 310 1058 uerunt
332 1020 436 1069 quod
456 1020 501 1056 de
522 1020 614 1068 ipsis

173 1075 264 1112 dicit
276 1074 348 1110 ⁴⁶et
365 1080 564 1122 querentes
577 1084 667 1110 eum

172 1134 300 1165 tenere
322 1128 526 1164 timuerunt
546 1138 598 1176 po

171 1182 284 1231 pulus
305 1181 487 1230 quoniam
508 1181 602 1218 sicut

172 1234 358 1285 propheta
377 1235 570 1272 habebant
589 1241 669 1272 eu-

176 1289 280 1326 22¹Et
288 1289 523 1338 respondens
532 1289 668 1325 iterum

174 1343 233 1380 ihs
254 1343 346 1380 dixit
366 1343 434 1379 illis
454 1343 492 1379 in
512 1342 656 1391 parabo

172 1397 216 1434 lis
238 1396 368 1434 dicens
387 1397 400 1417 ²
413 1396 533 1433 simile
555 1395 622 1432 erit

173 1462 335 1498 regnum
356 1450 549 1487 caelorum

173 1504 318 1541 homini
338 1504 416 1552 regi
440 1504 503 1552 qui
522 1503 608 1540 fecit

173 1558 324 1606 nuptias
344 1558 421 1595 filio
442 1569 513 1594 suo
531 1558 544 1577 ³
557 1564 593 1594 et
611 1556 665 1593 mi

175 1612 222 1649 sit
242 1623 372 1648 seruus
393 1623 480 1649 suos
501 1623 641 1648 uocare

175 1698 363 1736 Inuitatos
385 1697 431 1734 ad
453 1697 605 1746 nuptias

173 1758 210 1790 et
230 1752 433 1789 noluerunt
456 1752 585 1789 uenire

173 1809 187 1827 ⁴
200 1805 341 1843 Iterum
361 1805 460 1842 misit
479 1805 571 1843 alios

516 1857 666 1911 [seruus

174 1913 303 1951 dicens
323 1912 433 1950 dicite
454 1913 621 1950 inuitatis

174 1980 263 2005 ecce
283 1967 485 2016 prandium
506 1978 635 2004 meum

175 2023 309 2069 paraui
361 2021 456 2057 tauri
477 2028 511 2057 et
533 2021 665 2069 sagina

173 2082 211 2112 ta
231 2087 316 2111 mea
336 2075 448 2112 occisi
469 2081 556 2111 sunt
575 2081 612 2112 et

174 2128 304 2166 omnia
324 2135 454 2177 parata
474 2140 520 2165 ue

174 2182 250 2219 nite
270 2181 319 2218 ad
338 2182 490 2231 nuptias

172 2236 186 2256 ⁵
199 2235 256 2272 Illi
277 2243 404 2272 autem
418 2235 667 2284 neglexerunt

174 2296 211 2326 et
231 2289 405 2327 abierunt
425 2290 485 2326 alii
506 2290 544 2326 in
560 2290 612 2326 uil

173 2342 250 2380 lam
271 2355 380 2380 suam
455 2343 515 2380 alii
536 2355 630 2382 uero

173 2397 472 2445 negotiationem
493 2409 601 2434 suam

173 2451 185 2470 ⁶
198 2451 330 2500 reliqui
350 2462 442 2488 uero
466 2457 667 2488 tenuerunt

176 2516 306 2541 seruos
325 2505 405 2542 eius
425 2512 460 2542 et
482 2511 599 2542 contu

175 2558 288 2594 melia
307 2558 473 2596 adfectos
493 2559 577 2596 occi

174 2611 309 2648 derunt

173 2664 187 2684 ⁷
203 2664 268 2701 Ille
290 2672 415 2702 autem
430 2677 494 2702 rex
511 2678 598 2703 cum
619 2678 666 2703 au

176 2717 291 2755 disset
311 2719 426 2755 iratus
447 2726 503 2756 est
522 2727 557 2756 et
577 2720 629 2756 mi

176 2771 223 2808 sit
242 2772 448 2808 exercitum
469 2785 579 2809 suum

174 2831 212 2861 et
231 2825 394 2874 perdidit
413 2825 623 2863 homicidas

175 2879 259 2916 illos
272 2885 308 2916 et
329 2878 517 2916 ciuitatem
534 2891 667 2916 eorum

175 2932 376 2970 sudcendit

173 2985 307 3025 ⁸Tunc
317 2986 495 3024 aitseruis
504 2986 668 3036 suisnup

411 192 454 229 E
458 193 526 231 [κζ-’1
533 191 581 231 Ν
582 192 729 231 GELI
729 192 816 231 UM
853 192 927 231 SE
929 191 962 230 C

701 323 798 360 Tiae
822 322 977 372 quidem
997 326 1152 370 paratae

701 383 789 414 sunt
810 377 877 414 sed
898 376 961 425 qui
982 382 1089 412 erant
1107 375 1147 412 in

699 431 804 467 uitati
824 442 904 467 non
924 429 1074 466 suerunt

702 484 808 532 digni
856 484 930 520 ⁹ite
951 495 1041 531 ergo
1063 482 1110 520 ad
1132 482 1192 519 exi

701 544 759 575 tus
778 538 924 574 uiarum
943 544 980 574 et
1001 548 1097 585 quos

701 603 868 640 cumque
888 590 1108 627 inueneritis

700 652 837 682 uocate
853 645 901 681 ad
921 644 1072 693 nuptias
1091 644 1118 664 ¹⁰
1131 649 1166 680 et

700 699 844 748 egressi
865 706 951 736 sunt
971 698 1067 735 serui
1087 697 1166 734 eius

701 758 1032 801 congregauerunt
1053 763 1118 788 om

701 819 770 843 nes
790 806 1001 855 quodquod
1022 806 1110 841 inue

701 867 837 897 nerunt
857 859 980 896 malos
1000 866 1036 896 et
1055 860 1180 895 bonos

701 920 737 951 et
758 913 913 962 implete
935 919 1021 949 sunt
1041 913 1193 961 nuptiae

701 967 1021 1004 discumbentium

699 1020 725 1040 ¹¹
739 1020 897 1057 Intrauit
917 1026 1043 1056 autem
1065 1031 1130 1056 rex
1153 1026 1194 1056 ut

700 1074 848 1111 uideret
868 1073 1140 1110 discunbentes

701 1134 738 1166 et
757 1128 851 1165 uidit
872 1127 922 1164 ibi
943 1127 1139 1164 hominem

701 1193 781 1219 non
802 1188 948 1218 uestem
968 1181 1101 1229 nuptia

701 1236 776 1273 lem
797 1235 869 1272 ¹2et
890 1235 939 1271 ait
960 1234 1009 1271 1111
1031 1234 1154 1271 amice

704 1289 901 1338 quomodo
922 1288 995 1325 hoc
1016 1288 1124 1325 uenis

702 1344 729 1380 ti
749 1355 828 1379 non
848 1343 994 1379 habens
1013 1348 1150 1378 ueste-

702 1396 912 1445 nuptialem
932 1396 980 1432 ad
1000 1395 1059 1432 ille
1076 1396 1127 1432 ob

702 1451 838 1487 mutuit
978 1449 1003 1469 ²³
1018 1456 1106 1486 tunc
1127 1461 1193 1486 rex

702 1504 793 1541 dixit
813 1503 993 1540 ministris
1008 1502 1085 1540 tolli

701 1565 736 1596 te
756 1558 860 1595 illum
881 1557 1058 1595 manibus

699 1698 749 1736 Et
769 1698 931 1747 pedibus
948 1704 983 1735 et
1004 1698 1139 1735 mittite

700 1764 790 1790 eum
811 1753 849 1788 in
869 1752 1046 1789 tenebras
1067 1758 1152 1789 exte

701 1807 808 1843 rioris
864 1806 916 1842 ibi
936 1806 1004 1842 erit
1023 1806 1134 1842 fletus

701 1867 738 1897 et
759 1859 895 1897 stridor
915 1859 1086 1896 dentium

700 1914 726 1934 ¹4
740 1914 848 1951 multi
868 1914 970 1950 enim
992 1920 1078 1950 sunt
1097 1924 1148 1950 uo

701 1968 775 2005 cati
797 1967 907 2016 pauci
927 1979 1019 2004 uero
1041 1967 1150 2004 electi

700 2030 805 2057 LXIII
817 2021 843 2042 ¹⁵
864 2021 967 2058 Tunc
987 2021 1161 2058 abierunt

1036 2072 1202 2126 [parz'sez‘

701 2135 737 2166 et
757 2128 959 2166 consilium
979 2128 1147 2166 fecerunt

700 2189 741 2219 ut
762 2190 940 2232 caperent
960 2194 1048 2219 eum
1069 2183 1107 2219 in

701 2237 820 2273 uerbo
842 2236 917 2273 ieet
937 2237 1087 2273 mittunt
1104 2235 1152 2273 ad

702 2301 769 2327 eos
789 2290 995 2338 discipulos
1016 2301 1105 2327 suos

703 2355 791 2380 cum
811 2343 1028 2380 herodianis
1048 2343 1163 2381 dice-

702 2404 758 2434 tes
778 2398 957 2446 magister
977 2398 1117 2434 scimus

703 2451 792 2500 quia
812 2464 925 2488 uer-ax
943 2458 998 2488 est
1046 2457 1082 2487 et
1101 2451 1195 2488 uia—

702 2504 741 2541 di
762 2505 801 2541 in
819 2506 975 2542 ueritate
996 2504 1113 2542 doces

702 2566 738 2596 et
759 2570 838 2595 non
860 2565 915 2596 est
936 2559 1001 2595 tibi
1023 2571 1113 2595 cura

702 2613 770 2649 tibi
783 2612 830 2649 de
846 2613 971 2662 aliquo
1010 2625 1089 2650 non
1103 2613 1196 2649 eni-

702 2667 857 2715 respicis
878 2678 1059 2715 personas
1079 2666 1128 2703 ho

702 2721 850 2756 minum

702 2773 728 2793 ¹⁷
744 2773 847 2819 Quid
868 2774 934 2811 tibi
947 2774 1095 2811 uidetur
1110 2774 1196 2811 licet

702 2826 788 2863 licet
808 2839 965 2864 censum
986 2828 1065 2865 dari
1086 2840 1154 2865 cae

704 2881 777 2916 sari
798 2888 860 2917 aut
880 2893 959 2918 non

704 2932 730 2952 ¹ss
743 2933 908 2981 Cognita
924 2941 1050 2972 autern
1071 2935 1128 2972 ihs
1148 2946 1196 2972 ne

705 2987 822 3036 quitia
841 2999 974 3025 eorum
993 2989 1044 3026 ait
1063 2988 1154 3037 quid

1566 189 1653 227 MA
1664 189 1703 227 T
1700 189 1738 228 T
1733 189 1776 227 E
1779 189 1869 228 UM
1920 188 2017 243 [xxr.
2039 204 2205 238 42—xxu.
2223 205 2278 239 43.

1264 278 1342 308 Fol.
1359 278 1417 308 24.

1264 321 1330 358 Me
1351 319 1542 369 temptatis
1560 319 1587 340 1⁹
1600 325 1710 357 osten

1263 375 1336 412 dite
1357 374 1447 411 mihi
1467 373 1659 411 nomisma

1260 440 1395 466 census

1261 482 1322 518 Ad
1344 482 1395 518 illi
1414 480 1635 529 optulerunt
1654 480 1688 517 ei
1716 479 1753 517 di

1261 536 1408 572 narium
1428 535 1455 556 ²⁰
1465 535 1516 571 ait
1535 534 1606 571 illis
1625 534 1683 571 ihs

1261 589 1367 627 cuius
1387 596 1443 625 est
1461 588 1591 636 imago
1611 587 1705 624 haec

1261 650 1296 680 et
1318 642 1587 691 superscriptio
1643 641 1669 662 ²¹
1685 640 1723 678 di

1262 703 1352 733 cunt
1372 696 1406 732 ei
1427 695 1587 732 caesaris

1263 751 1377 788 Tunc
1397 750 1447 786 ait
1467 749 1536 786 illis
1553 748 1696 786 reddite
1715 759 1755 785 er

1262 816 1312 853 go
1334 816 1432 852 quae
1452 810 1540 840 sunt
1560 803 1722 839 caesaris

1262 858 1405 894 caesari
1426 869 1522 905 quae
1538 856 1576 893 di
1597 857 1648 893 do
1668 854 1756 892 ²²illi

1262 919 1390 948 autem
1411 910 1608 947 audientes
1627 910 1679 946 mi

1263 966 1331 1002 rati
1352 972 1437 1001 sunt
1457 971 1493 1001 et
1514 964 1644 1001 relicto
1665 963 1727 1000 illo

1263 1019 1436 1055 abierunt
1648 1015 1756 1069 [cesse

1262 1081 1386 1107 LXHH
1400 1072 1427 1093 ²3
1443 1070 1493 1108 In
1513 1072 1579 1108 illa
1600 1072 1654 1107 die
1673 1071 1737 1107 ad-

1263 1132 1350 1162 runt
1370 1126 1417 1162 ad
1434 1138 1522 1162 eum
1543 1125 1664 1162 saddu

1263 1179 1320 1216 cei
1395 1180 1458 1228 qui
1479 1179 1608 1216 dicunt
1628 1191 1707 1216 non

1263 1245 1344 1270 esse
1364 1234 1639 1271 resurrectione

1264 1293 1300 1323 et
1319 1287 1649 1336 interrogauerunt

1262 1352 1350 1377 eum
1369 1339 1397 1360 ²4
1410 1341 1578 1377 dicentes
1640 1351 1704 1377 ma

1263 1395 1378 1442 gister
1398 1406 1548 1443 moyses
1569 1394 1663 1430 dixit

1263 1448 1292 1484 si
1313 1448 1398 1497 quis
1418 1455 1591 1485 mortuus
1611 1447 1720 1483 fuerit

1263 1513 1343 1537 non
1365 1501 1511 1538 habens
1532 1501 1630 1538 filios
1651 1507 1692 1538 ut

1263 1554 1376 1592 ducat
1396 1555 1507 1591 frater
1526 1554 1623 1591 illius

1262 1695 1433 1733 Uxorem
1452 1695 1571 1744 ipsius
1591 1701 1628 1732 et

1264 1750 1415 1787 suscitet
1436 1761 1568 1787 semen
1588 1749 1644 1786 fra

1262 1805 1306 1840 tri
1328 1815 1398 1841 suo

1262 1857 1291 1878 ²⁵
1305 1857 1424 1894 Erant
1441 1863 1568 1894 autern
1582 1863 1673 1905 aput
1687 1868 1757 1894 nos

1263 1918 1410 1960 septem
1430 1911 1564 1948 fratres
1583 1919 1619 1948 et
1640 1911 1696 1960 pri

1263 1977 1348 2003 mus
1369 1977 1486 2002 uxore
1507 1965 1622 2002 ducta

1264 2019 1467 2056 defunctus
1488 2026 1543 2055 est
1564 2030 1644 2055 non

1262 2073 1408 2110 habens
1429 2084 1561 2110 semen
1582 2079 1618 2109 et
1639 2071 1703 2109 reli

1263 2128 1342 2176 quit
1362 2138 1521 2163 uxorem
1542 2138 1651 2163 suam

1263 2181 1366 2217 fratri
1386 2192 1456 2217 suo

1264 2236 1290 2255 2⁶
1305 2234 1480 2271 Similiter
1499 2240 1537 2271 et
1557 2233 1747 2271 secundus

1263 2295 1299 2326 et
1318 2289 1448 2325 tertius
1468 2300 1588 2337 usque
1609 2288 1659 2325 ad

1265 2342 1469 2391 septimum

1264 2395 1292 2416 ²⁷
1307 2395 1527 2433 Nouissime
1544 2400 1673 2432 autem
1693 2407 1759 2433 om

1264 2450 1370 2487 nium
1391 2456 1425 2486 ct
1445 2449 1582 2485 mulier
1604 2448 1651 2486 de

1265 2503 1393 2540 functa
1413 2510 1469 2540 est

1263 2557 1290 2578 ²³³
1303 2558 1406 2594 Inter
1426 2556 1701 2594 resurrectione

1265 2623 1355 2660 ergo
1375 2611 1482 2648 cuius
1502 2611 1571 2647 erit
1591 2610 1638 2647 de

1266 2673 1410 2714 septem
1432 2676 1529 2701 uxor
1549 2676 1684 2702 omnes

1265 2719 1326 2756 illa
1346 2719 1561 2756 habuerunt

1264 2774 1293 2794 ²⁹
1308 2773 1565 2821 Respondens
1586 2772 1644 2809 ihs
1665 2772 1715 2809 ait

1265 2827 1395 2864 erratis
1416 2826 1628 2863 nescientes
1673 2823 1761 2877 [illis

1267 2881 1467 2929 scripturas
1487 2891 1614 2928 neque

1265 2934 1442 2972 uirtutem
1461 2933 1500 2971 di
1520 2933 1548 2954 ⁸⁰
1561 2934 1599 2970 in
1615 2945 1720 2970 resur

1789 319 1977 359 Rectione
1996 322 2098 359 enirn
2118 334 2167 359 ne

1787 386 1860 423 que
1881 376 2030 412 nubunt
2049 387 2173 424 neque

1787 439 1927 466 uxores
1948 429 2089 466 ducunt
2109 428 2177 466 sed

1789 488 1877 518 sunt
1897 483 1993 520 sicut
2014 483 2141 531 angeli
2161 483 2200 519 in

1788 535 1896 572 caelo

1787 587 1815 608 ³¹
1828 588 1888 625 De
1910 590 2187 627 resurrectione
2210 601 2259 626 au

1788 647 1866 678 tem
1885 649 2124 680 mortuorum

1789 707 1869 731 non
1889 695 2031 743 legistis
2052 696 2156 745 quod
2177 696 2237 733 dic

1789 755 1871 786 tum
1891 756 1947 785 est
1966 750 2076 786 uobis
2096 762 2119 786 a
2137 749 2190 786 do
2211 749 2249 786 di

1788 810 1898 840 cente

1843 856 1871 876 ³²
1884 868 1958 906 ego
1980 868 2064 893 sum
2084 855 2130 893 ds
2151 857 2243 894 abra

1844 909 1932 946 ham
1954 917 1989 947 et
2009 910 2055 947 ds
2075 911 2154 947 isac
2175 917 2212 947 et

1843 963 1891 1001 ds
1911 964 2022 1001 iacob
2044 985 2051 992 -
2074 976 2154 1001 non
2173 970 2232 1002 est

1843 1016 1889 1055 ds
1909 1025 2147 1055 mortuorum

1845 1071 1912 1108 sed
1933 1072 2144 1108 uiuentium

1789 1123 1817 1145 ³³
1829 1124 1880 1162 Et
1899 1137 1986 1162 cum
2007 1125 2199 1162 audissent
2227 1131 2287 1162 tur

1791 1179 1863 1216 bae
1883 1179 2120 1216 mirabantur
2142 1191 2186 1216 su

1791 1244 1860 1281 per
1880 1233 2094 1270 doctrinam
2115 1233 2195 1270 eius

1791 1287 1820 1307 3⁴
1829 1286 2133 1323 Phariseiauteni
2147 1285 2287 1324 audien

1791 1347 1848 1378 tes
1869 1340 1971 1389 quod
1988 1340 2178 1377 silentium

1792 1394 1960 1442 inposuit
1980 1394 2204 1431 sadducaeis

1794 1454 2058 1484 conuenerunt
2075 1448 2124 1485 ad
2143 1459 2234 1484 eum

1793 1501 1821 1521 ³5
1838 1501 1887 1538 Et
1907 1501 2153 1549 interrogauit
2171 1513 2261 1538 eum

1794 1566 1894 1592 unus
1910 1566 1957 1592 ex
1972 1554 2027 1592 eis
2042 1554 2135 1604 legis
2152 1553 2288 1592 doctor

1796 1693 1985 1743 Temptas
1998 1706 2086 1732 eum
2099 1701 2136 1732 et
2156 1695 2288 1733 dicens

1793 1748 2288 1798 ³⁶magisterqu0destman

1793 1802 1924 1839 datum
1945 1814 2130 1851 magnum
2145 1804 2183 1840 in
2204 1803 2288 1852 lege

1793 1855 1887 1893 *Ait
1906 1856 1956 1893 illi
1977 1857 2034 1894 ihs
2054 1857 2176 1905 diligis
2196 1857 2288 1894 dom

1793 1916 1901 1946 tuum
1922 1911 1960 1946 in
1974 1917 2054 1947 toto
2069 1911 2184 1948 corde
2204 1908 2289 1962 [dm

1793 1971 1860 2001 tuo
1876 1970 1913 2001 et
1929 1965 1967 2000 in
1983 1971 2063 2001 tota
2079 1964 2207 2001 anima
2223 1972 2288 2002 tua

1793 2024 1830 2054 et
1850 2018 1889 2054 in
1909 2025 1988 2055 tota
2008 2024 2136 2055 mente
2157 2025 2220 2055 tua

1793 2071 1821 2091 ³⁸
1834 2071 1906 2109 hoc
1927 2077 1984 2109 est
2003 2072 2215 2108 maximum
2235 2078 2272 2109 et

1821 2126 1959 2162 rimum
1979 2126 2206 2163 mandatum

1793 2138 1822 2199 ‘E'
1836 2179 2056 2217 Secundum
2065 2187 2192 2217 autem
2201 2179 2288 2217 simi

1793 2233 1828 2270 le
1848 2233 1935 2271 huic

1848 2287 1971 2336 diligis
1991 2286 2210 2336 proximum

1847 2346 1954 2377 tuum
1976 2341 2072 2378 sicut
2094 2347 2130 2378 te
2151 2341 2278 2389 ipsum

1794 2395 1822 2415 ‘¹⁰
1836 2395 1881 2431 In
1895 2394 1951 2431 his
1966 2395 2116 2432 duobus
2129 2395 2290 2432 manda-

1797 2449 1977 2485 uniuersa
1989 2448 2049 2485 lex
2063 2449 2203 2497 pendet
2224 2446 2290 2501 [tis

1795 2509 1832 2539 et
1852 2501 2060 2551 prophetae
2194 2500 2291 2554 [pha

1794 2556 1821 2577 ‘¹¹
1836 2556 2089 2605 Congregatis
2109 2562 2239 2593 autem

1795 2610 1899 2648 riseis
1920 2610 2166 2659 interrogauit
2186 2622 2275 2647 eum

1794 2664 1853 2701 ihs
1874 2662 1902 2683 ⁴²
1914 2664 2045 2700 dicens
2065 2663 2156 2711 quid
2177 2663 2288 2700 uobis

1796 2717 1944 2754 uidetur
1963 2717 2011 2754 de
2030 2720 2108 2765 xpo
2128 2717 2235 2754 cuius

1795 2772 1914 2808 filium
1934 2770 2063 2808 dicunt
2083 2769 2199 2806 dauid

1795 2825 1891 2862 43Αἰῑ
1909 2823 1980 2860 illis
2000 2823 2199 2873 quomodo

2154 2875 2290 2929 [dauid

1796 2943 1888 2980 ergo
1909 2931 1947 2967 in
1968 2933 2039 2979 spu
2059 2938 2172 2969 uocat
2187 2944 2276 2970 eum

1797 2986 1888 3023 dom
1908 2985 2038 3022 dicens

2197 3051 2238 3077 ur
