2504 3382
270 215 310 240 11.
331 198 453 254 4-41.]
501 198 908 239 EUANGELIUM
934 199 1044 238 SEC

269 290 351 320 Fol.
368 289 428 319 95.

269 333 330 369 Eo
350 330 452 380 quod
471 336 570 367 esset
590 329 637 366 de
657 329 709 367 do

269 397 334 422 mo
353 392 389 422 et
408 384 527 432 patria
547 383 661 420 dauid

270 439 330 475 5ut
350 438 596 487 proficeretur
614 448 703 474 cum

270 493 390 529 maria
409 491 640 539 desponsata
660 491 690 527 si

265 557 386 583 uxore
405 556 494 582 cum
515 551 614 582 esset
633 545 672 582 in

267 606 376 636 utero
394 598 541 636 habens

265 653 446 690 ⁶Factum
466 659 592 689 autem
613 657 668 688 est
685 657 762 689 cu·-

265 707 318 743 ibi
338 712 465 744 essent
484 705 617 754 inpleti
637 711 724 742 sunt

265 760 346 797 dies
365 767 406 797 ut
426 766 575 808 pareret
612 759 669 795 ⁷et
689 770 737 807 pe

263 814 359 862 perit
379 813 497 850 filium
517 813 690 861 primoge

263 868 385 904 nitum
406 874 443 904 et
462 867 600 916 pannis
620 877 709 903 eum

263 921 424 958 inuoluit
444 927 481 957 et
500 920 626 969 posuit
646 931 736 956 eum

263 975 302 1011 in
322 975 488 1023 presipio
507 974 595 1023 quia
615 984 695 1009 non

261 1034 340 1065 erat
358 1028 466 1065 locus
486 1028 525 1063 in
545 1027 696 1064 diuerso

262 1081 318 1118 rio
464 1080 654 1129 8pastores

262 1140 390 1172 autern
410 1140 516 1171 erant
536 1134 574 1169 in
594 1133 655 1169 illa
674 1144 714 1169 re

262 1188 375 1236 gione
395 1187 596 1235 uigilantes
615 1192 652 1222 et

261 1240 517 1278 custodientes
538 1239 687 1288 uigilias

261 1294 385 1332 noctis
405 1306 520 1343 super
538 1304 696 1342 gregem

258 1360 372 1385 suurn

260 1402 327 1439 ⁹Et
346 1413 434 1439 ecce
455 1400 613 1449 angelus
633 1400 699 1437 dfii

259 1456 362 1493 stetit
381 1455 485 1492 iuxta
505 1455 590 1492 illos
610 1466 675 1492 ma

258 1509 372 1547 iestas
392 1507 639 1546 circumfulsit

258 1563 364 1600 illum
383 1569 419 1600 et
439 1563 645 1600 timuerunt

259 1648 418 1686 Timore
438 1660 583 1697 magno

259 1703 343 1740 ¹⁰Et
362 1702 457 1740 dixit
476 1702 546 1739 illis
567 1701 724 1750 angelus

257 1756 372 1794 nolite
393 1757 523 1792 timere
545 1767 634 1793 ecce

256 1810 359 1847 enim
379 1809 593 1858 euangeliio
612 1821 664 1846 uo

257 1865 315 1900 bis
335 1863 516 1912 gaudium
537 1868 710 1911 magnu-

258 1918 361 1966 quod
381 1918 449 1954 erit
469 1917 575 1953 omni
595 1917 656 1965 ple

257 1972 294 2008 bi
316 1970 439 2020 ¹¹quia
458 1976 570 2007 natus
590 1976 646 2007 est
665 1969 716 2007 ho

257 2025 317 2062 die
337 2025 446 2061 uobis
467 2025 634 2061 saluator

257 2079 321 2127 qui
343 2086 399 2116 est
418 2081 491 2126 xps
512 2078 597 2114 dms
617 2078 655 2114 in

257 2133 409 2170 ciuitate
429 2131 544 2169 dauid
564 2131 634 2168 ¹²et

256 2186 367 2223 huius
386 2185 458 2223 hoc
479 2185 632 2234 signum

257 2240 368 2277 uobis
388 2239 590 2277 inuenietis

256 2293 441 2330 infantem
461 2293 600 2342 pannis
620 2292 658 2329 in

256 2347 429 2384 uolutum
451 2354 488 2384 et
507 2347 676 2396 positum

256 2401 295 2437 in
316 2401 482 2449 presipio

256 2454 339 2491 ¹³Et
353 2455 478 2491 subito
492 2454 591 2491 facta
605 2461 662 2491 est
677 2459 752 2491 cu-

256 2508 394 2556 angelo
413 2507 616 2544 multitudo

255 2562 444 2599 exercitus
464 2561 611 2598 celestis

255 2615 492 2652 laudantium
513 2614 578 2651 dm
600 2621 636 2652 et

257 2669 465 2706 dicentium
486 2668 638 2717 ¹⁴g10ria

254 2723 294 2759 in
315 2723 504 2760 altissimis
524 2723 576 2759 do
597 2730 634 2760 et

255 2777 293 2813 in
314 2783 412 2813 terra
432 2789 507 2825 pax
527 2777 672 2814 homini

257 2831 328 2867 bus
347 2830 552 2868 uoluntatis

255 2884 282 2904 ¹⁵
290 2884 338 2921 Et
351 2884 494 2921 factum
508 2891 565 2923 est
578 2892 617 2922 ut
630 2885 752 2923 disces

323 3014 472 3032 BUCMANAN

801 330 937 368 Serunt
957 331 1005 367 ab
1026 329 1095 367 illis
1115 342 1165 367 an

798 384 905 433 gelus
925 384 964 421 in
984 384 1108 422 celum
1146 395 1214 432 pas

798 446 899 475 tores
919 438 1174 486 loquebantur

798 492 846 528 ad
867 492 1032 529 inuicem
1053 497 1089 528 et
1110 491 1196 528 dixe

795 552 882 582 runt
901 551 1138 582 transeamus

796 611 915 647 usque
936 598 1126 635 bethleem
1145 604 1182 635 et

795 653 995 689 uideamus
1014 652 1088 689 hoc
1108 663 1176 688 uer

794 707 887 743 bum
906 706 1010 754 quod
1030 705 1173 742 factum

793 766 850 796 est
870 759 974 808 quod
995 758 1080 796 dms
1099 765 1209 796 osten

793 813 846 850 dit
865 813 976 850 nobis

792 866 873 903 ¹⁶Et
892 872 1080 904 uenerunt
1098 865 1264 902 festina-

790 926 847 958 tes
867 927 904 957 et
922 921 1150 957 inuenerunt

792 974 912 1011 maria
931 973 1066 1022 ioseph
1104 979 1140 1010 et
1161 973 1200 1010 in

791 1027 933 1064 fantem
953 1027 1119 1076 positum
1139 1027 1178 1063 in

791 1081 956 1130 presipio
977 1080 1047 1118 1⁷et
1068 1092 1246 1128 cognoue

789 1142 875 1171 runt
896 1134 942 1171 de
962 1135 1081 1171 uerbo
1100 1134 1205 1182 quod

791 1188 934 1225 dictum
954 1199 994 1224 es
1013 1187 1086 1225 illis
1106 1188 1153 1225 de
1173 1199 1249 1236 pue

790 1253 834 1278 ro
856 1241 930 1277 hoc

790 1293 1016 1331 1⁸Et0mnes
1023 1294 1087 1343 qui
1100 1293 1285 1331 audieru*

790 1348 913 1385 mirati
932 1354 1021 1385 sunt
1041 1347 1088 1384 de
1109 1348 1166 1384 his
1187 1359 1262 1396 que

790 1402 890 1439 dicta
910 1407 1018 1438 erant
1038 1413 1060 1438 a
1079 1401 1224 1451 pastori

786 1457 859 1492 bus
879 1455 927 1492 ad
947 1455 1050 1504 ipsos

789 1508 949 1546 19Μειῑίε,
968 1515 1095 1546 autem
1117 1519 1254 1546 conser

787 1564 902 1601 uabat
921 1563 1052 1600 omnia
1070 1563 1188 1600 uerba

790 1649 900 1688 Haec
920 1650 1123 1688 conferens
1142 1650 1182 1687 in

787 1705 903 1742 corde
924 1716 994 1741 suo

786 1758 872 1795 2⁰Et
891 1757 1031 1795 reuersi
1051 1763 1140 1795 sunt
1159 1764 1271 1807 pasto

786 1824 845 1850 res
866 1811 1156 1860 magnificantes

786 1865 854 1903 dm
874 1872 911 1902 et
931 1865 1130 1902 laudantes
1149 1865 1187 1901 in

788 1920 967 1957 omnibus
988 1931 1086 1968 quae
1107 1918 1197 1956 audi

787 1979 919 2010 uerant
939 1979 975 2009 et
995 1973 1170 2010 uiderant

787 2028 883 2065 sicut
904 2027 1005 2065 dicta
1026 2033 1114 2064 sunt
1134 2025 1183 2064 ad
1203 2026 1228 2063 il

786 2080 843 2118 los

787 2134 871 2171 ²¹Et
891 2140 1096 2183 postquam
1120 2145 1281 2171 consum

787 2189 880 2225 mati
901 2195 987 2225 sunt
1007 2188 1086 2225 dies
1107 2195 1196 2226 octo

788 2248 830 2279 ut
849 2242 1118 2279 circumcidere

787 2303 847 2333 tur
867 2302 1045 2332 uocatum
1067 2302 1123 2333 est
1143 2307 1195 2332 no

787 2362 877 2386 men
897 2349 976 2386 eius
996 2349 1053 2386 ihs
1074 2349 1179 2398 quod

787 2412 968 2440 uocatum
990 2410 1046 2440 est
1066 2405 1114 2440 ab
1135 2415 1184 2440 an

785 2457 872 2506 gelo
892 2458 994 2506 prius
1015 2469 1131 2506 quam
1152 2457 1191 2494 in

785 2518 894 2548 utero
913 2511 1178 2560 conciperetur

787 2575 842 2601 ΠΙ
851 2565 878 2586 ²²
893 2564 937 2600 E
935 2569 951 2601 l
955 2570 1106 2613 poslqmz
1111 2578 1144 2602 m
1159 2566 1286 2614 inpleti

786 2625 873 2655 sunt
894 2619 972 2655 dies
993 2619 1170 2667 purgatio

786 2684 855 2709 nes
874 2673 953 2709 eius
974 2673 1187 2709 secundum

786 2726 910 2775 legem
932 2727 1054 2774 moysi
1075 2726 1150 2763 tule

787 2785 874 2817 runt
895 2780 997 2816 illum
1018 2780 1057 2815 in
1078 2780 1182 2817 iheru

788 2834 904 2870 salem
927 2840 966 2870 ut
987 2845 1075 2871 eum
1096 2840 1216 2871 statue

788 2895 871 2926 rent
892 2888 983 2925 dmo
1021 2887 1150 2925 ²³sicut
1169 2888 1269 2937 scrip

1312 3009 1337 3033 H

1757 199 2059 240 LUCANUM

1363 287 1446 317 13'01.
1463 288 1524 318 96.

1364 329 1469 366 Tum
1491 336 1547 367 est
1567 329 1605 366 in
1626 329 1752 377 legem
1771 329 1838 367 dni

1415 383 1504 432 quia
1524 395 1658 421 omnes
1678 396 1762 421 mas

1415 437 1541 474 culum
1563 437 1786 486 adaperiens

1413 490 1568 527 uuluam
1588 497 1762 528 sanctum

1413 543 1504 581 dmo
1525 545 1724 581 uocabitur

1412 597 1480 634 ²⁴et
1495 604 1535 634 ut
1552 598 1683 635 darent
1701 598 1853 636 hostia·-

1411 651 1619 687 secundum
1639 651 1744 699 quod

1412 704 1556 741 dictum
1570 711 1626 742 est
1639 705 1678 741 in
1691 705 1775 753 lege
1788 704 1852 741 dni

1409 770 1478 807 par
1498 765 1684 795 turturum
1707 765 1745 795 et

1410 812 1508 849 duos
1528 812 1654 861 pullos
1674 811 1818 850 conlu-

1409 866 1546 902 barum

1354 917 1440 956 ²⁵Et
1459 931 1549 956 ecce
1572 919 1690 957 homo
1713 926 1792 957 erat
1811 919 1851 956 in

1353 973 1579 1010 iherusalem
1599 974 1660 1010 cui
1679 985 1730 1010 no

1354 1039 1443 1063 men
1463 1039 1623 1075 symeon
1643 1034 1678 1065 et
1698 1026 1748 1064 ho

1354 1092 1419 1118 mo
1438 1080 1507 1118 iste
1527 1081 1644 1118 iustus
1665 1087 1744 1119 erat
1764 1086 1801 1118 et

1354 1134 1551 1171 timoratus
1571 1142 1777 1183 expectans

1354 1188 1616 1225 consulatione
1636 1189 1726 1225 istra

1355 1241 1414 1278 hel
1433 1248 1470 1278 et
1492 1245 1556 1289 sps
1576 1261 1585 1270 ·
1626 1246 1685 1279 scs
1707 1262 1715 1270 ·
1752 1247 1831 1278 erat

1354 1295 1393 1331 in
1413 1307 1460 1332 eo
1480 1295 1742 1344 2f‘responsum
1762 1307 1811 1332 au

1354 1354 1431 1385 tem
1452 1348 1656 1397 adceperat
1676 1361 1698 1386 a
1718 1352 1791 1397 spu

1354 1406 1420 1439 sco
1441 1414 1520 1440 non
1539 1403 1710 1440 uisurum
1731 1415 1771 1440 se

1354 1463 1518 1493 mortem
1539 1456 1610 1493 nisi
1629 1457 1733 1505 prius
1753 1456 1791 1493 ui

1353 1510 1458 1547 deret
1477 1511 1572 1558 xpm
1592 1510 1660 1547 clm
1698 1508 1768 1547 ²⁷et
1789 1522 1836 1547 ue

1352 1564 1406 1601 nit
1427 1564 1465 1601 in
1487 1567 1559 1612 spu
1578 1564 1617 1600 in
1636 1564 1823 1614 templum

1350 1650 1401 1687 Et
1421 1662 1510 1688 cum
1530 1650 1756 1688 inducerent

1351 1717 1511 1753 puerum
1531 1704 1609 1741 ihm
1631 1705 1670 1741 in
1691 1712 1769 1742 tem

1350 1758 1458 1807 plum
1495 1766 1671 1807 parentes
1691 1759 1772 1796 eius

1350 1819 1391 1848 ut
1409 1812 1577 1849 facerent
1597 1824 1714 1849 secun

1351 1866 1443 1903 dum
1463 1866 1689 1903 consuetudi

1352 1932 1440 1956 nem
1461 1920 1553 1969 legis
1573 1931 1644 1968 pro
1663 1932 1710 1957 eo
1730 1919 1802 1958 ²⁸et

1350 1973 1431 2022 ipse
1451 1974 1602 2021 adcepit
1621 1985 1709 2011 eum
1728 1981 1765 2012 et

1545 2026 1567 2056 d

1350 2069 1545 2107 benedixit
1566 2082 1654 2107 eum
1674 2075 1711 2108 et

1351 2124 1445 2161 dixit
1465 2125 1601 2161 2⁹nunc
1622 2124 1778 2162 dimittis

1351 2190 1502 2215 seruum
1523 2184 1631 2214 tuum
1652 2179 1726 2215 dne

1351 2232 1563 2269 secundum
1583 2233 1744 2269 uerbum

1350 2293 1457 2322 tuum
1478 2286 1515 2322 in
1537 2298 1631 2334 pace
1669 2286 1782 2335 ³⁰qu0

1351 2341 1454 2376 niam
1475 2340 1654 2376 uiderunt
1674 2352 1749 2378 ocu

1350 2394 1375 2430 li
1396 2393 1471 2430 mei
1492 2394 1696 2431 salutarem

1352 2453 1458 2484 tuum
1534 2447 1559 2467 ³¹
1568 2448 1671 2497 quod
1692 2459 1805 2497 paras

1351 2501 1376 2538 ti
1396 2508 1483 2538 ante
1503 2501 1638 2539 faciem
1659 2513 1724 2538 om

1350 2556 1456 2592 nium
1476 2555 1707 2604 populorum

1349 2609 1514 2646 32lumen
1534 2609 1582 2645 ad
1603 2608 1729 2646 reuela

1350 2663 1495 2699 tionem
1515 2663 1687 2710 gentium

1349 2723 1385 2753 et
1404 2715 1567 2764 gloriam
1587 2716 1710 2764 plebis

1351 2776 1437 2806 tuae
1458 2770 1611 2806 istrahel

1352 2823 1433 2859 38Et
1453 2829 1532 2860 erat
1552 2822 1683 2871 ioseph
1703 2828 1741 2860 et
1762 2834 1825 2860 ma

1350 2884 1406 2914 ter
1424 2877 1503 2914 eius
1523 2877 1702 2914 mirantes

1351 2942 1466 2980 super
1486 2931 1543 2968 his
1564 2943 1638 2980 que
1658 2931 1742 2968 dice

2335 220 2383 254 49

1890 329 2036 367 Bantur
2054 331 2100 369 de
2120 331 2184 370 illo

1889 384 1974 420 3“Et
1995 385 2187 422 benedixit
2207 386 2289 424 illos
2310 400 2353 436 sy

1889 449 2006 475 meon
2060 446 2096 475 et
2117 439 2210 477 dixit
2229 440 2278 478 ad

1888 492 2047 529 mariam
2067 500 2229 530 matrem

1887 546 1966 582 eius
2006 558 2096 584 ecce
2117 547 2263 596 positus

1886 605 1942 635 est
1962 599 2021 637 hic
2042 600 2080 637 in
2100 601 2248 638 ruinam
2268 608 2306 639 et

1886 654 2175 691 resurretionem
2195 655 2275 692 mul

1887 712 2013 742 torum
2034 708 2073 743 in
2092 708 2244 745 istrahel

1887 765 1924 796 et
1944 760 1983 795 in
2003 761 2155 808 signum
2175 762 2278 809 quod

1886 814 2162 851 contradicetur
2180 815 2251 852 3⁵et

1886 872 1990 903 tuam
2010 867 2127 916 ipsius
2148 869 2303 906 anima-

1884 922 2109 969 pertransiet
2129 921 2278 970 gladius

1883 980 1924 1010 ut
1944 975 2156 1012 reuelentur
2177 976 2256 1013 mul

1883 1034 2010 1065 torum
2031 1029 2204 1067 cordium
2223 1042 2270 1067 co

1883 1082 2085 1129 gitationes

1883 1135 1964 1172 ³⁶Et
1983 1143 2063 1173 erat
2083 1149 2184 1173 anna
2208 1137 2365 1186 profetis

1883 1201 1924 1226 sa
1945 1189 2020 1226 filia
2041 1190 2170 1227 fanuel
2191 1191 2238 1227 de
2257 1191 2303 1228 tri

1883 1244 1934 1279 bu
1955 1255 2038 1280 aser
2094 1243 2187 1281 haec
2207 1256 2278 1293 pro

1882 1303 2047 1334 cesserat
2066 1297 2104 1333 in
2124 1297 2258 1334 diebus

1882 1349 2011 1387 multis
2085 1362 2159 1399 que
2180 1352 2274 1388 uixit

1883 1415 2008 1441 annos
2029 1416 2117 1441 curn
2137 1405 2220 1442 uiro
2241 1417 2310 1442 suo

1884 1464 1988 1507 septe
2009 1470 2031 1495 a
2050 1458 2266 1507 uirginitate

1884 1523 1952 1549 sua
1972 1511 2041 1549 ⁸⁷et
2062 1512 2157 1549 haec
2178 1513 2294 1550 uidua

1884 1577 2076 1602 annorum
2096 1579 2273 1604 Lxxxrm·

1884 1651 1994 1698 Quae
2015 1664 2095 1689 non
2116 1652 2279 1689 descede

1882 1706 1945 1742 bat
1967 1706 2014 1743 de
2035 1706 2180 1755 templo
2200 1706 2274 1743 ieiu

1881 1760 1952 1796 niis
1974 1766 2010 1796 et
2029 1760 2285 1798 obsecrationi

1881 1814 1952 1850 bus
1973 1814 2139 1850 seruiens
2159 1821 2274 1851 nocte

1880 1879 1925 1904 ac
1947 1866 2048 1904 diem
2069 1867 2140 1904 3³et
2160 1867 2253 1905 haec
2273 1867 2358 1916 ipsa

1880 1921 1976 1958 hora
1996 1927 2100 1958 stans
2120 1922 2260 1959 confite

1881 1975 1991 2011 batur
2011 1975 2088 2011 (1ῆο
2109 1982 2145 2012 et
2165 1975 2279 2024 loque

1880 2029 1993 2065 batur
2011 2028 2059 2065 de
2080 2028 2143 2065 illo
2200 2041 2265 2066 om

1879 2082 1992 2119 nibus
2013 2083 2077 2131 qui
2097 2083 2337 2131 expectaba-

1879 2135 2182 2185 redemptionem
2202 2136 2263 2173 hie

1879 2190 2044 2227 rusalem

1880 2243 1963 2280 3⁵³Et
1982 2251 2023 2280 ut
2047 2242 2285 2292 perfecerunt
2310 2255 2375 2280 om

1879 2298 1943 2334 nia
1963 2297 2175 2335 secundum
2196 2297 2308 2345 lege*

1881 2351 1958 2387 dfiii
1978 2351 2116 2388 reuersi
2137 2358 2222 2387 sunt
2243 2351 2282 2387 in

1879 2404 2054 2453 galileam
2074 2405 2111 2440 in
2133 2405 2245 2441 ciuita

1879 2465 1957 2495 tem
1978 2470 2086 2495 suam
2107 2457 2287 2495 nazareth

1879 2512 2012 2548 ‘¹⁰Puer
2033 2519 2159 2549 autem
2181 2512 2315 2549 consor

1879 2566 2028 2602 tabatur
2047 2573 2082 2603 et
2103 2577 2230 2602 cresce

1880 2620 1944 2656 bat
1964 2626 2001 2656 et
2021 2619 2237 2668 inplebatur
2258 2631 2300 2656 sa

1879 2673 2062 2721 pientiam
2083 2680 2119 2709 et
2139 2674 2260 2722 gratia

1880 2726 1918 2762 cti
1939 2733 2018 2763 erat
2038 2727 2076 2763 in
2096 2727 2160 2764 illo

1878 2780 1961 2818 ⁴¹Et
1982 2781 2086 2817 ibant
2106 2780 2239 2830 ioseph
2261 2787 2294 2818 et
2311 2792 2376 2817 ma

1879 2835 1934 2871 ria
1954 2841 2077 2872 mater
2097 2835 2176 2871 eius
2196 2847 2264 2883 per

1879 2900 2016 2927 omnes
2037 2901 2159 2927 annos
2179 2889 2217 2925 in
2237 2889 2298 2926 ihe
