2504 3382
320 189 372 215 1x.
395 192 498 216 21-x.
523 178 594 232 21.]
650 182 1063 226 EUANGELJUM
1099 191 1210 231 SEC

319 264 400 295 Fol.
418 266 477 296 64.

319 306 418 351 Quis
439 310 584 356 aperuit
603 311 736 350 oculus

316 371 388 397 nos
408 362 599 400 nescimus
623 365 749 413 ipsum

315 412 543 463 interrogate
564 426 725 456 aetatem

314 465 428 505 habet
448 469 529 517 ipse
550 483 618 519 pro
635 484 674 510 se
695 473 810 523 loqua

313 526 374 556 tur
400 560 405 565 ,
735 525 810 579 [tes

311 573 340 593 ²²
349 572 459 612 Haec
478 575 652 616 dixerunt
672 593 809 629 paren-

310 627 390 665 eius
411 629 500 677 quia
520 632 704 671 timebant

308 680 441 720 iudeos
479 684 555 721 iarn
576 687 678 724 enim

308 734 556 775 decreuerant
576 740 696 778 iudaei

306 795 348 825 ut
368 789 398 826 si
420 791 504 839 quis
525 805 613 830 eum
634 795 733 832 confi

304 847 443 880 teretur
462 857 549 882 eum
570 850 662 895 xpm
683 861 729 886 ex

305 902 361 932 tra
381 908 578 947 synagoga
598 909 696 939 esset

303 948 539 999 ²⁸propterea
559 962 735 1002 parentes

301 1002 382 1039 eius
403 1004 578 1043 dixerunt
617 1009 706 1057 quia

301 1063 464 1094 aetatem
485 1059 598 1098 habet
619 1063 746 1110 ipsum

301 1108 531 1159 interrogate

296 1160 325 1182 ²⁴¹
335 1162 579 1203 Uocauerunt
598 1180 690 1217 ergo
709 1169 760 1207 ho

296 1216 440 1253 minem
460 1219 596 1256 iterum
618 1223 682 1270 qui

295 1268 413 1307 fuerat
434 1284 571 1311 caecus
591 1282 627 1312 et
649 1276 686 1312 di

293 1331 429 1361 xerunt
449 1326 482 1362 ei
503 1326 552 1364 da
572 1327 748 1367 honore-

291 1376 344 1414 do
454 1391 523 1416 nos
544 1382 682 1420 scimus

291 1430 381 1478 quia
402 1431 462 1469 hic
482 1433 599 1471 homo
619 1448 736 1485 pecca

290 1490 349 1520 tor
369 1492 424 1522 est
480 1486 608 1526 2⁵dixit
628 1503 719 1539 ergo

289 1537 348 1575 ille
388 1539 417 1575 si
439 1549 620 1588 peccator
640 1552 696 1582 est

289 1622 430 1662 Nescio
450 1638 569 1664 unum
591 1629 671 1667 scio

285 1677 374 1725 quia
395 1690 531 1717 caecus
556 1694 660 1720 eram

286 1737 322 1767 et
342 1732 460 1770 modo
480 1734 594 1772 uideo

283 1783 506 1824 2⁶Dixerunt
527 1801 619 1837 ergo
640 1791 673 1827 ei
689 1792 780 1842 quid

282 1836 369 1874 fecit
389 1839 454 1876 tibi
475 1845 671 1889 quomodo

280 1893 427 1938 aperuit
446 1895 579 1932 oculus
601 1904 685 1935 tuus

278 1943 533 1995 2⁷Respondit
553 1950 605 1987 eis
625 1952 701 1988 iam
722 1954 759 1991 di

277 1998 315 2035 xi
336 2001 446 2038 uobis
466 2009 501 2038 et
523 2004 679 2043 audistis

277 2053 368 2100 quid
388 2054 525 2092 iterum
546 2059 676 2097 audire

274 2106 388 2144 uultis
426 2112 613 2159 numquid
634 2120 669 2150 et

273 2170 344 2197 uos
365 2162 474 2199 uultis
496 2164 671 2216 discipuli

273 2213 355 2250 eius
374 2214 453 2252 fieri

272 2263 589 2309 ²⁸Maledixerunt
610 2285 651 2311 er

270 2332 321 2368 go
341 2322 374 2357 ei
396 2329 431 2359 et
453 2324 629 2364 dixerunt

270 2381 310 2409 tu
331 2375 538 2425 discipulus
558 2381 637 2418 eius

268 2434 324 2464 est
345 2440 416 2466 nos
436 2431 610 2481 discipuli
630 2447 721 2484 moy

268 2480 299 2517 si
320 2493 453 2519 sumus
473 2485 579 2523 ²⁹nos
603 2489 746 2527 scimus

266 2535 355 2583 quia
375 2539 496 2584 moysi
516 2539 664 2580 locutus

265 2595 321 2625 est
342 2588 388 2626 ds
408 2589 510 2630 hunc
530 2601 656 2632 autem

263 2643 457 2681 nescimus
478 2647 579 2684 unde
600 2649 646 2686 sit

262 2694 514 2745 ⁸⁰Respondit
535 2701 593 2739 ine
613 2703 732 2743 homo

261 2755 297 2785 et
316 2749 410 2787 dixit
431 2751 469 2788 in
490 2752 565 2792 hoc
586 2757 680 2796 mira

259 2802 332 2840 bile
353 2811 409 2840 est
484 2809 571 2856 quia
592 2821 662 2849 uos

259 2857 411 2895 nescitis
432 2862 532 2900 unde
553 2864 598 2901 sit

326 2944 477 2965 BUCHANAN

848 314 897 352 Et
917 319 1063 366 aperuit
1083 321 1216 360 oculus

848 381 956 408 meos
994 372 1170 412 ³1scimus
1190 377 1279 425 quia

846 425 1082 471 peccatorest
1103 428 1148 465 ds
1169 438 1249 466 no*

845 479 1000 515 exaudit
1039 481 1104 518 sed
1125 483 1153 519 si
1176 484 1260 532 quis

844 530 882 566 di
904 532 1025 570 cultor
1045 542 1101 571 est
1139 545 1175 572 et
1195 549 1246 574 uo

843 583 1026 623 luntatem
1048 588 1127 625 eius
1148 590 1236 627 facit

841 637 942 676 hunc
963 641 1117 678 exaudit
1137 642 1194 680 ³2a
1214 656 1303 682 secu

840 691 877 728 Io
898 704 1107 742 numquam
1127 697 1215 734 audi

839 752 920 782 tum
941 754 997 784 est
1018 749 1107 796 quia
1127 762 1243 798 aperu

838 798 864 834 it
885 800 970 848 quis
991 802 1123 840 oculus
1143 805 1245 841 caeci

837 853 914 889 nati
954 853 1059 892 ³³nisi
1080 864 1178 894 esset
1200 858 1259 896 hic

835 917 857 942 a
877 905 929 943 do
967 920 1047 945 non
1066 918 1215 958 poterat

833 958 957 997 facere
978 962 1181 1013 quicquam

834 1012 1168 1063 84Responderunt
1189 1026 1225 1056 et
1243 1020 1329 1058 dixe

831 1074 917 1103 runt
938 1068 970 1104 ei
991 1069 1028 1105 in
1050 1073 1216 1118 peccatis
1236 1082 1292 1111 est

831 1126 933 1157 totus
955 1130 1064 1160 natus
1087 1146 1094 1154 ·
1134 1133 1170 1162 et
1191 1134 1230 1163 tu

830 1172 944 1211 doces
964 1187 1034 1213 nos
1055 1184 1090 1214 et
1112 1179 1278 1217 eicerunt

828 1238 917 1262 eum
937 1227 1037 1266 foras

828 1279 1020 1320 ³⁵Audiuit
1033 1292 1160 1322 autem
1170 1286 1226 1324 ihs
1236 1289 1324 1337 quia

827 1334 996 1372 eicerunt
1017 1349 1103 1374 eum
1125 1339 1162 1376 fo

825 1399 885 1424 ras
905 1395 942 1425 et
966 1401 1053 1427 curn
1075 1392 1222 1431 inuenis

824 1448 880 1477 set
900 1442 1005 1480 illum
1024 1443 1125 1483 foras
1147 1447 1240 1484 dixit

823 1494 856 1530 ei
878 1501 916 1532 tu
938 1498 1060 1535 credis
1085 1499 1202 1537 filium
1222 1502 1261 1539 di

821 1547 1075 1599 ⁸³Resp0ndit
1095 1553 1154 1591 ille
1175 1562 1210 1592 et
1227 1556 1319 1594 dixit

820 1634 919 1680 Quis
940 1645 996 1675 est
1017 1639 1090 1676 dne
1111 1648 1151 1678 ut
1171 1654 1232 1680 cre

818 1688 906 1727 dam
928 1690 966 1727 in
987 1704 1074 1730 eum
1202 1694 1315 1748 [uidis

817 1741 901 1780 ⁸⁷Et
922 1744 1014 1782 dixit
1034 1747 1068 1784 ei
1088 1748 1146 1785 ihs
1187 1758 1224 1787 et

816 1796 842 1832 ti
862 1809 949 1834 eum
970 1807 1005 1835 et
1027 1802 1090 1850 qui
1111 1802 1276 1852 quuitur

815 1856 942 1887 tecum
963 1853 1043 1901 ipse
1065 1863 1121 1892 est
1178 1858 1274 1896 38θῑθ

814 1903 864 1941 do
887 1905 960 1943 dfie
977 1914 1012 1943 et
1030 1908 1214 1948 adorabat
1230 1921 1308 1949 eu-

813 1957 884 1994 S⁹et
904 1959 955 1995 ait
976 1961 1033 1998 ihs

811 2009 856 2047 In
871 2013 1051 2051 iudicium
1068 2028 1141 2066 ego
1155 2018 1193 2054 in
1206 2018 1307 2058 hunc

810 2066 995 2105 mundum
1016 2072 1103 2107 ueni
1124 2079 1163 2108 ut
1187 2074 1252 2121 qui

809 2131 888 2155 non
910 2121 1013 2158 uidet
1033 2123 1159 2162 uideat
1180 2134 1216 2162 et

808 2173 871 2220 qui
893 2175 1023 2212 uident
1045 2179 1147 2216 caeci
1169 2180 1260 2217 fiant

806 2226 890 2263 4⁰Et
911 2229 1109 2268 audierunt
1130 2245 1175 2269 ex
1198 2233 1275 2283 pha

805 2280 908 2317 riseis
929 2283 992 2331 qui
1012 2296 1101 2322 cum
1121 2286 1204 2335 ipso

803 2341 909 2370 erant
929 2344 965 2372 et
986 2337 1163 2376 dixerunt
1183 2341 1217 2378 ei

804 2389 979 2437 numquit
1001 2398 1036 2428 et
1058 2404 1129 2430 nos
1149 2401 1185 2431 et
1205 2407 1247 2433 ce

801 2441 834 2476 ci
857 2453 988 2480 sumus
1196 2446 1298 2500 [esse

800 2493 939 2533 ⁴¹Dixit
969 2497 1022 2534 eis
1050 2499 1108 2537 ihs
1138 2501 1166 2537 si
1193 2505 1296 2541 caeci

799 2547 844 2584 tis
866 2560 945 2587 non
966 2550 1155 2592 haberetis
1175 2568 1246 2605 pec

797 2609 924 2640 catum
945 2606 1012 2642 sed
1034 2606 1155 2645 dicitis
1176 2611 1265 2659 quia

796 2655 970 2694 uidemus
991 2671 1192 2707 peccatum

796 2717 963 2747 uestrum
985 2722 1112 2751 manet

795 2763 849 2799 10l
865 2764 991 2801 Amen
1008 2779 1122 2805 amen
1139 2769 1225 2808 dico
1242 2783 1292 2809 uo

793 2816 849 2854 bis
871 2818 935 2867 qui
956 2831 1034 2857 non
1055 2821 1182 2860 introit

793 2882 860 2919 per
881 2873 1034 2911 ianuam
1055 2875 1092 2912 in
1114 2889 1160 2914 co

1786 202 1816 238 I
1816 203 1929 242 ΘΗΛ
1937 205 2124 245 NNEM

1415 283 1496 313 Pol.
1515 286 1574 315 65.

1415 325 1578 365 Hostem
1599 330 1729 367 ouium

1413 380 1478 416 sed
1499 383 1679 420 ascendet
1699 385 1801 424 aliun

1410 432 1456 469 de
1476 433 1537 471 ille
1558 435 1616 473 fur
1636 445 1691 474 θεῖ
1711 446 1747 476 θῖ
1768 441 1860 478 latro

1409 484 1506 532 ²Qui
1527 496 1653 526 autem
1674 492 1802 530 introit
1819 507 1887 544 per

1407 539 1560 578 ianuam
1580 543 1639 580 hic
1659 554 1789 593 pastor

1406 600 1461 630 est
1482 596 1611 633 ouium
1632 598 1740 637 3huic
1761 601 1833 638 osti

1404 647 1504 685 arius
1524 651 1642 698 aperit
1681 661 1716 688 et
1737 666 1828 692 oues

1404 712 1537 738 uocem
1558 704 1639 741 eius
1659 706 1819 744 audiunt

1401 761 1437 791 et
1459 767 1545 793 SUaS
1566 769 1659 795 OUCS
1679 770 1790 798 UOcat

1402 809 1627 848 nominatim
1664 820 1700 849 et
1720 826 1790 862 pro

1401 861 1502 900 ducit
1522 864 1603 902 illas
1642 866 1750 904 4cum
1771 881 1819 906 au

1401 923 1476 952 tem
1499 929 1591 955 oues
1612 931 1699 958 suas
1720 934 1785 959 om

1400 970 1457 1007 nis
1478 972 1699 1019 produxerit
1719 984 1807 1014 ante

1399 1023 1501 1071 ipsas
1522 1026 1624 1063 uadit
1645 1034 1680 1064 et
1701 1030 1814 1068 ouicu

1397 1077 1454 1114 lae
1475 1090 1563 1115 eum
1584 1089 1762 1120 secuntur

1398 1131 1486 1179 quia
1507 1134 1631 1170 sciunt
1652 1147 1788 1173 uocem

1395 1185 1476 1222 eius
1551 1187 1737 1227 ⁵alienum
1758 1202 1808 1228 au

1395 1244 1472 1274 tem
1493 1251 1572 1276 non
1593 1251 1771 1281 secuntur

1394 1292 1462 1328 sed
1482 1292 1630 1340 fugiunt
1651 1297 1700 1333 ab
1719 1309 1767 1335 eo

1393 1345 1482 1393 quia
1502 1348 1666 1386 resciunt
1686 1359 1811 1389 uoce-

1391 1399 1470 1436 eius

1390 1452 1500 1490 6Ηοθ
1525 1458 1769 1503 prouerbium
1793 1459 1886 1498 dixit

1389 1506 1422 1542 ei
1442 1507 1500 1544 ihs
1520 1509 1569 1545 illi
1589 1519 1716 1548 autem
1737 1525 1817 1551 non

1388 1571 1655 1609 cognouerunt
1676 1567 1781 1615 quod

1388 1645 1636 1696 Loquebatur
1655 1652 1725 1690 illis
1806 1652 1884 1706 [ihs

1386 1709 1510 1737 ΧιῚΙΙΙ
1521 1703 1534 1723 ⁷
1553 1702 1678 1742 Dz'xz'l
1695 1720 1783 1756 ergo
1806 1710 1883 1747 illis

1383 1765 1496 1792 amen
1517 1769 1629 1795 amen
1650 1760 1734 1797 dico

1382 1809 1492 1846 uobis
1513 1812 1602 1860 quia
1623 1825 1696 1861 ego
1718 1827 1801 1852 sum

1381 1861 1494 1900 ianua
1514 1865 1645 1902 ouium
1684 1868 1768 1906 3om

1380 1927 1447 1952 nes
1468 1919 1678 1968 quodquod
1699 1933 1746 1959 ue

1379 1978 1516 2007 nerunt
1537 1972 1635 2010 fures
1657 1983 1745 2013 sunt

1377 2030 1412 2059 et
1434 2024 1599 2064 latrones
1620 2028 1686 2065 sed
1706 2038 1785 2068 no‘

1376 2077 1575 2116 audierunt
1595 2093 1684 2118 eum
1705 2083 1744 2121 su

1375 2143 1433 2167 res
1454 2144 1547 2170 oues
1567 2146 1672 2173 meas

1374 2184 1480 2233 ⁹Ego
1501 2198 1585 2224 sum
1606 2189 1719 2228 ianua
1740 2203 1807 2240 per

1373 2249 1434 2275 me
1455 2240 1486 2276 si
1507 2242 1591 2289 quis
1612 2243 1796 2282 introierit

1371 2292 1578 2331 saluabitur
1616 2304 1651 2333 et
1671 2298 1784 2336 introi

1371 2346 1422 2382 bit
1441 2354 1477 2383 et
1497 2349 1596 2386 exiet
1617 2358 1652 2387 et
1673 2364 1815 2401 pascua

1369 2399 1536 2438 inueniet
1574 2402 1668 2441 ¹⁰fur
1687 2415 1771 2443 no-

1368 2455 1470 2491 uenit
1491 2456 1562 2492 nisi
1582 2465 1622 2494 ut
1644 2458 1787 2498 furetur

1368 2514 1403 2543 et
1424 2510 1571 2546 occidat
1591 2519 1626 2548 et
1647 2515 1779 2562 perdat

1366 2572 1439 2609 ego
1461 2564 1548 2600 ueni
1568 2572 1608 2601 ut
1629 2567 1747 2604 uitam

1365 2613 1527 2653 habeam
1608 2618 1714 2669 llego
1734 2628 1809 2659 su-

1363 2676 1492 2716 pastor
1512 2671 1636 2709 bonus
1683 2687 1752 2723 pas

1364 2728 1422 2758 tor
1444 2723 1567 2762 bonus
1589 2727 1756 2765 animam

1362 2786 1470 2812 suam
1492 2777 1555 2814 dat
1595 2791 1664 2828 pro
1685 2784 1823 2822 ouibus

1361 2829 1438 2866 suis
1459 2829 1765 2874 12τῃθιθθῖῃειῑῐυε

1359 2890 1488 2921 autem
1525 2894 1561 2923 et
1582 2888 1646 2936 qui
1667 2901 1746 2927 non

2388 229 2437 266 33

1943 335 2013 373 Est
2033 345 2162 386 pastor
2181 341 2287 379 cuius
2307 352 2390 382 no*

1942 397 2030 427 sunt
2051 403 2144 429 oues
2164 397 2340 444 propriae

1940 443 2041 481 uidet
2062 445 2195 495 lupum
2216 451 2303 486 ueni

1939 504 2066 535 entem
2087 507 2123 537 et
2143 501 2294 540 dimittit

1938 562 2030 589 oues
2051 560 2086 589 et
2105 553 2199 603 fugit
2220 563 2256 593 et
2278 557 2390 607 lupus

1936 606 2032 653 rapit
2075 615 2110 644 et
2131 609 2313 658 dispargit
2334 625 2358 650 o

1935 669 2002 695 ues
2022 659 2324 703 ¹³rnercetnarius

1934 718 2061 749 autem
2081 714 2174 763 fugit
2195 718 2284 766 quia

1933 766 2191 806 conducticius
2212 778 2267 807 est

1931 825 1968 854 et
1988 831 2068 856 non
2088 823 2247 870 pertinet
2267 825 2316 862 ad

1932 883 2019 908 eum
2042 874 2087 911 de
2107 876 2245 915 ouibus

1931 924 2051 975 ¹⁴¹Ego
2065 940 2148 966 sum
2162 938 2293 978 pastor
2302 933 2427 973 bonus

1930 987 1966 1015 et
1987 992 2158 1029 agnosco
2178 996 2284 1024 meas
2305 995 2341 1024 et

1929 1044 2138 1081 agnoscent
2158 1050 2220 1076 me
2241 1052 2304 1078 me

1927 1098 1971 1123 ae
1992 1087 2119 1127 15sicut
2141 1095 2342 1141 cognoscit

1928 1152 1988 1177 me
2008 1151 2118 1191 pater
2137 1152 2173 1182 et
2193 1159 2266 1195 ego
2287 1160 2338 1197 ag

1925 1206 2045 1233 nosco
2066 1207 2213 1245 patrem
2235 1208 2271 1238 et
2292 1215 2314 1240 a

1924 1249 2069 1286 nimam
2089 1263 2215 1290 meam
2236 1267 2287 1303 po

1923 1312 1974 1338 no
1994 1315 2063 1351 pro
2085 1306 2221 1344 ouibus
2241 1309 2336 1347 meis

1922 1354 1992 1392 16θῖ
2013 1357 2104 1395 alias
2124 1361 2294 1400 ouiculas
2315 1364 2364 1402 ha

1921 1408 1995 1446 beo
2033 1423 2130 1460 quae
2151 1426 2231 1452 non
2251 1425 2338 1454 sunt

1922 1463 1968 1500 de
1989 1463 2062 1502 hoc
2082 1467 2171 1504 ouili
2191 1476 2227 1505 et
2247 1470 2328 1508 illas

1919 1525 2067 1565 oportet
2088 1532 2149 1558 me
2170 1522 2317 1561 adduce

1918 1582 1958 1608 re
2014 1579 2050 1609 et
2071 1585 2210 1613 uocem
2230 1586 2344 1616 mea-

1916 1658 2084 1697 Audient
2104 1669 2140 1699 et
2161 1663 2223 1700 fiet
2244 1677 2343 1704 unus

1914 1724 2006 1759 grex
2028 1722 2063 1751 et
2084 1727 2183 1754 unus
2203 1726 2334 1766 pastor

1915 1765 1940 1786 ¹⁷
1947 1776 2150 1816 propterea
2169 1783 2232 1809 me
2252 1780 2361 1822 pater

1913 1819 2033 1869 diligit
2089 1824 2178 1872 quia
2197 1837 2271 1874 ego
2291 1840 2314 1864 a

1911 1885 2056 1912 nimam
2076 1889 2202 1915 meam
2224 1892 2328 1928 pono

1910 1935 1950 1963 ut
1971 1928 2106 1967 iterum
2128 1943 2277 1970 sumam
2297 1940 2375 1972 ea*

1909 1980 2057 2020 18nemo
2078 1985 2173 2022 tollit
2194 1999 2280 2024 eam
2301 2001 2322 2026 a
2343 2001 2406 2028 me

1908 2036 1974 2072 sed
1995 2049 2069 2086 ego
2089 2050 2193 2087 pono
2213 2054 2299 2079 eam

1907 2101 1929 2125 a
1949 2102 2010 2127 me
2031 2092 2113 2140 ipso
2154 2103 2373 2142 potestate-

1906 2142 2030 2181 habeo
2051 2148 2218 2194 ponendi
2238 2161 2324 2186 eam

1905 2204 1942 2233 et
1963 2206 2191 2245 potestatem
2211 2202 2336 2241 habeo

1904 2252 2078 2289 sumendi
2099 2267 2184 2291 eam
2204 2255 2278 2294 hoc

1902 2314 2150 2355 praeceptum
2172 2310 2306 2359 adcepi

1901 2370 1922 2395 a
1943 2367 2051 2406 patre

1901 2411 2112 2452 ¹⁹Dissitsi0
2133 2423 2261 2454 autem
2281 2417 2379 2457 facta

1899 2474 1955 2503 est
1975 2467 2072 2504 inter
2091 2469 2224 2508 iudeos
2243 2483 2340 2522 prop

1898 2526 1953 2555 ter
1974 2532 2169 2560 sermones
2190 2525 2284 2563 istos

1897 2572 1966 2609 ΣΟθῖ
1987 2574 2164 2613 dicebant
2186 2579 2293 2616 multi
2313 2592 2360 2618 ex

1895 2627 1986 2675 ipsis
2009 2628 2230 2668 demonium
2252 2632 2301 2670 ha

1895 2680 1957 2717 bet
1978 2688 2014 2718 et
2034 2682 2174 2721 insanit
2198 2687 2289 2735 quid
2311 2693 2388 2726 θα·

1895 2734 2031 2773 auditis
2051 2736 2146 2774 ²¹alii
2167 2738 2343 2779 dicebant

1895 2787 1989 2826 haec
2011 2792 2127 2828 uerba
2147 2804 2227 2830 non
2249 2802 2336 2832 sunt

1893 2842 2118 2882 demonium
2138 2845 2312 2886 habentis

1892 2898 2078 2947 numquid
2099 2899 2335 2939 daemoniu-
