2504 3382
456 214 570 253 EUA
578 213 866 254 NGELIUM
887 214 997 254 SEC

224 302 306 333 1¹01.
325 304 385 333 88.

222 345 407 383 harenam

227 407 298 435 XUI
321 399 397 436 Ubi
411 400 630 437 centurionis
648 412 708 437 ser

224 464 316 489 uum
336 454 480 490 curauit
501 454 558 490 ihs

225 515 314 542 XUII
330 506 527 543 Illortuum
549 508 695 544 unicum

224 560 345 596 filium
365 561 502 598 uiduae
522 572 629 598 resus

223 614 351 651 citauit
371 614 428 652 ihs
448 621 484 652 et
504 615 614 651 matri
634 626 693 652 res

224 667 324 704 tituit

226 730 341 757 XL'III-
362 721 544 759 Iohannes
560 722 601 758 de
621 734 723 758 carce

224 788 263 812 re
285 776 333 813 ad
353 776 432 812 ihm
451 776 568 812 mittis
591 775 722 812 dicens

225 836 265 866 tu
286 841 327 866 es
347 830 412 879 qui
432 837 614 866 uenturus
635 841 676 866 es

224 890 262 920 et
282 883 338 920 ihs
359 884 407 920 ad
428 885 556 920 turbas
577 883 624 920 de
644 883 681 920 io

225 936 352 974 hanne
373 937 540 985 loquitur

225 991 371 1040 XL'IIII(
394 990 618 1027 Recumbens
636 988 695 1026 ins

225 1045 264 1081 in
286 1045 446 1082 domum
467 1043 630 1093 pharisei

225 1098 393 1147 quedam
414 1098 549 1134 mulier
569 1098 608 1133 in

224 1163 355 1200 gressa
375 1151 537 1187 lacrimis
557 1150 648 1187 lauit

225 1204 345 1254 pedes
364 1205 444 1241 eius
462 1210 497 1241 et
518 1204 662 1252 capillis

223 1266 376 1307 tergens
395 1257 637 1295 osculabatur

224 1318 262 1349 et
282 1312 476 1360 unguebat
495 1323 602 1360 ungu

223 1372 314 1402 ento

225 1428 281 1454 XX
293 1418 477 1467 Proponit
488 1419 568 1456 dms
581 1418 723 1467 parabo

224 1472 302 1509 lam
322 1473 517 1510 seminatis
537 1481 573 1510 et
592 1473 641 1510 ad

224 1526 344 1575 aperit
365 1538 450 1564 earn
471 1527 667 1576 discipulis

225 1580 302 1618 suis
322 1587 359 1617 et
378 1581 651 1618 nuntiabantur

225 1667 259 1704 ei
278 1673 398 1704 mater
416 1673 453 1704 et
472 1666 584 1704 frater

226 1721 307 1757 eius
327 1720 392 1769 qui
412 1732 434 1757 a
453 1720 541 1758 foris
561 1726 646 1758 stan

228 1783 303 1811 XXI
319 1774 376 1811 Et
388 1775 582 1811 dormiente
597 1774 662 1811 inu
682 1775 722 1811 in

226 1828 404 1865 nauicula
424 1828 520 1866 facta
540 1836 597 1866 est

227 1888 436 1931 tempestas
457 1882 582 1919 ualida

226 1943 265 1972 et
284 1943 440 1985 rogatus
460 1949 482 1973 a
502 1936 650 1984 discipu

226 1989 272 2027 lis
292 1990 513 2038 conpescuit
533 2002 637 2027 mare

226 2049 264 2080 et
285 2043 383 2080 siluit

228 2107 321 2133 XXII
337 2097 387 2133 In
407 2099 552 2147 regione
563 2110 695 2148 gerase

228 2163 368 2189 norum
389 2152 570 2190 demonio

227 2217 312 2243 rum
332 2205 434 2255 legio
454 2213 560 2255 rogat
581 2206 658 2243 ihm

227 2266 269 2296 ut
287 2267 471 2298 exeuntes
492 2260 539 2297 de
559 2260 610 2298 ho

228 2313 333 2350 mine
353 2314 449 2352 irent
468 2315 507 2351 in
528 2326 667 2363 porcus

231 2377 341 2403 XXIII
345 2367 387 2404 F
385 2370 487 2405 iliam
492 2369 680 2417 principis
688 2380 727 2404 re

228 2422 385 2459 suscitat
405 2422 490 2459 dms
513 2430 550 2460 et
570 2434 636 2459 mu

229 2475 361 2512 lierem
382 2488 404 2513 a
424 2476 603 2525 profugio

229 2529 426 2578 sanguinis
446 2530 605 2567 saluabit

232 2593 362 2620 XXIIII
379 2583 594 2620 Potestatem
616 2584 716 2620 dedit

231 2637 318 2675 dfns
339 2637 531 2687 discipulis
551 2638 667 2675 demo

229 2691 293 2728 nia
311 2691 501 2741 expellere
521 2698 557 2728 et
578 2692 641 2729 lan

230 2758 370 2795 guores
390 2757 524 2782 sanare

231 2809 312 2835 XXU
326 2799 386 2836 De
397 2801 554 2848 quinque
565 2798 728 2848 panibus

230 2860 268 2890 et
288 2854 438 2891 duobus
457 2853 626 2902 piscibus

231 2907 271 2944 in
291 2908 459 2957 quinque
479 2907 581 2944 milia
600 2907 638 2944 ui

754 345 903 383 Rorum
1175 341 1251 397 [dis

755 409 854 436 XXUI
871 399 1132 448 Interrogabat
1150 398 1220 435 ifzs·

753 454 903 503 cipulos
927 465 1043 502 quem
1063 464 1151 490 eum

755 508 926 545 dicerent
963 514 999 544 et
1020 507 1112 543 dixit
1133 505 1198 555 qui

756 562 821 599 uul
841 561 948 598 tollat
969 572 1123 597 crucem

756 627 866 652 suam
885 621 922 651 et
943 620 1124 663 sequatur

756 681 818 706 me
857 669 895 704 in
916 674 1086 704 montem
1107 667 1145 704 lo

755 723 942 772 quebatur
962 733 1050 758 curn
1071 732 1161 769 moy

757 788 825 813 sen
844 781 881 812 et
903 775 1039 812 heliam

758 838 875 865 XXUII
891 828 1165 865 Descendentem

754 883 893 920 eodem
914 882 959 919 de
979 888 1153 919 montem

754 948 917 986 puerum
938 935 1146 973 demoniu-

757 990 904 1027 curauit
924 997 961 1026 et
981 989 1144 1027 docebat

755 1043 1004 1081 humilitatem
1026 1043 1120 1080 sicut

755 1109 895 1146 pueros
915 1097 994 1133 fieri
1015 1097 1061 1133 de
1082 1107 1159 1144 quo

757 1151 846 1187 darn
867 1149 1057 1199 prohibito
1077 1149 1141 1198 qui

756 1215 836 1240 non
857 1205 1087 1252 sequebatur
1108 1203 1187 1239 inm

756 1266 891 1293 XXI'III
899 1257 1100 1294 Dz'xerzcnt
1111 1254 1254 1292 iacobus

755 1319 792 1348 et
812 1311 1002 1348 iohannes
1021 1310 1094 1346 dfie
1116 1310 1145 1346 si

754 1365 813 1402 uis
832 1366 996 1414 petimus
1014 1364 1145 1412 ignem

755 1427 795 1456 ut
814 1419 907 1468 petit
926 1418 1044 1456 helias
1065 1417 1111 1454 de
1133 1415 1216 1454 celo

757 1482 909 1509 XXUIIII
918 1473 977 1510 Et
986 1471 1194 1519 aitquidam
1203 1470 1256 1507 ad

756 1539 894 1577 sequar
907 1534 941 1563 te
955 1526 1077 1563 etalio
1091 1525 1128 1562 di
1155 1521 1251 1576 [ihm

755 1581 810 1618 xit
831 1592 990 1630 sequere
1011 1591 1073 1616 me
1094 1585 1131 1616 et

756 1666 838 1704 sine
858 1665 1016 1704 mortuis
1037 1664 1153 1714 sepeli

756 1727 823 1758 ant
843 1727 1014 1758 mortuus
1034 1731 1125 1757 suos
1144 1724 1181 1755 et

757 1780 883 1812 cetera
1112 1777 1252 1818 [LXXII-

758 1838 852 1864 Xxx·
879 1827 937 1865 Et
960 1828 1170 1876 deszgrnaun
1194 1825 1252 1864 ins

757 1890 794 1919 et
814 1882 996 1919 mandata
1017 1881 1069 1918 eis
1090 1881 1194 1919 dedit

757 1937 975 1985 inproperat
996 1935 1212 1973 ciuitatibus

759 1999 861 2026 XXXI
877 1989 935 2027 Et
958 2002 1094 2026 reuersz
1128 1999 1253 2025 LXXII·

1155 2042 1254 2096 [cnm

759 2097 900 2148 gaudio
922 2105 958 2135 et
978 2097 1072 2134 dixit
1091 2098 1145 2135 eis
1165 2099 1222 2136 ihs

759 2152 919 2200 gaudete
940 2152 1125 2201 quoniam

762 2206 921 2243 nomina
937 2213 1063 2242 uestra
1083 2206 1183 2255 scrip

759 2266 797 2297 ta
817 2266 903 2297 sunt
923 2260 962 2295 in
983 2259 1065 2296 celo
1086 2266 1122 2296 et
1142 2272 1216 2298 con

761 2314 874 2351 fessio
895 2313 960 2349 ihu
980 2313 1029 2349 ad
1049 2319 1197 2361 patrem

760 2377 879 2403 XXXII
890 2367 988 2404 Hom
993 2368 1030 2403 in
1035 2369 1067 2403 is
1070 2367 1256 2415 parabola

759 2420 1025 2458 descendentis
1044 2422 1093 2458 ab

759 2474 986 2512 iherusalem
1007 2475 1044 2511 in
1065 2475 1180 2513 ierico

758 2535 796 2566 et
815 2529 944 2566 incidit
963 2528 1128 2566 latrones
1181 2527 1257 2582 [the

761 2592 908 2619 XXXIII·
925 2582 1049 2620 Dixit
1059 2584 1140 2619 dms
1155 2596 1256 2621 mar-

760 2637 920 2673 mariam
941 2637 1131 2684 optimam

759 2696 907 2739 partem
927 2690 1038 2739 elegit
1149 2687 1258 2742 [docu

761 2753 918 2780 XXXIIII
946 2743 999 2780 Et
1017 2745 1151 2792 petitus
1179 2745 1259 2781 dms

759 2799 786 2835 it
806 2797 1012 2846 discipulos
1031 2809 1140 2835 orare

760 2860 796 2889 et
816 2851 994 2901 proponit
1014 2852 1158 2900 parabo

761 2906 797 2944 la
817 2905 981 2954 patentis
1002 2912 1077 2943 tres
1096 2917 1215 2955 panes

761 2968 798 2998 et
818 2959 907 2997 dicit
926 2959 1039 3008 petite
1056 2966 1092 2996 et
1113 2959 1196 2998 adei

1698 216 1734 253 L
1743 216 1849 254 UCA
1856 215 1999 254 NUM

1318 301 1399 331 Fol.
1417 303 1466 332 88
1479 301 1537 333 bis.

1320 345 1435 382 Pietis
1705 343 1821 398 [quod

1320 407 1428 434 XXXI]
1442 397 1501 435 Et
1526 412 1605 435 cum
1636 400 1817 437 diceretur

1318 453 1355 489 in
1376 452 1548 489 belzebul
1570 453 1653 490 eicit
1674 453 1720 490 de

1317 506 1449 542 monia
1471 506 1564 544 dixit
1584 518 1740 544 omnem

1316 571 1478 607 regnum
1498 559 1663 596 diuisum
1683 560 1731 597 ad

1318 624 1469 650 uersum
1491 625 1530 650 se
1550 625 1629 650 non
1650 614 1762 650 stabit

1320 675 1445 702 XXXUI
1454 665 1514 702 De
1520 668 1625 715 szgrno
1637 668 1738 703 ionae
1742 674 1816 716 pro

1318 720 1454 770 phetae
1475 729 1511 757 et
1531 721 1687 758 lucerna
1708 732 1775 757 cor

1319 774 1421 823 poris
1441 781 1497 810 est
1517 774 1650 812 oculus
1669 781 1757 811 tuus

1321 837 1463 864 XXXL'II
1468 827 1526 864 De
1537 829 1645 865 calice
1656 832 1689 864 et
1697 829 1818 864 catino

1321 882 1515 919 mundatis
1536 882 1698 930 pharisei

1321 948 1344 973 a
1363 936 1453 973 foris
1709 933 1819 988 [dras

1323 999 1483 1025 XXXUIII
1496 988 1556 1026 De
1565 990 1715 1038 primas
1728 994 1818 1027 cale-

1322 1050 1358 1080 et
1379 1051 1633 1081 monumenta
1652 1056 1722 1092 pro

1322 1097 1483 1133 setarum
1506 1098 1723 1146 inproperat

1323 1150 1407 1187 dms
1427 1150 1610 1199 phariseis
1732 1148 1819 1202 [dns

1324 1214 1503 1241 XXXVIIII
1511 1203 1621 1241 Dicit
1629 1205 1819 1253 discipulis

1322 1259 1512 1295 adtendite
1535 1271 1556 1294 a
1575 1257 1722 1295 fermen

1323 1318 1361 1349 to
1382 1312 1648 1361 phariseorum
1668 1319 1705 1349 et

1322 1366 1386 1414 qui
1408 1366 1541 1403 dixerit
1561 1366 1600 1402 in
1622 1369 1694 1414 spu
1715 1369 1782 1403 sco

1322 1431 1401 1456 non
1420 1420 1629 1457 remittetur
1648 1421 1702 1456 eis

1321 1480 1359 1510 et
1378 1473 1494 1511 nolite
1516 1474 1683 1522 cogitare
1704 1471 1797 1523 quid

1320 1527 1531 1577 loquamini

1322 1591 1371 1617 XL
1391 1581 1568 1618 Hominis
1588 1581 1701 1618 diutz's
1716 1580 1819 1618 ubere

1321 1667 1484 1705 Fructus
1504 1666 1637 1704 adtulit
1658 1679 1729 1715 pos

1321 1722 1435 1759 setsio
1455 1722 1570 1758 nolite
1591 1721 1710 1758 sollici

1321 1777 1347 1812 ti
1369 1787 1454 1813 esse
1476 1775 1602 1812 anime
1622 1774 1715 1823 quid

1322 1841 1420 1878 opus
1440 1829 1485 1866 sit
1505 1835 1542 1866 et
1563 1829 1609 1866 de
1631 1829 1707 1866 lilia
1726 1828 1807 1877 agri

1324 1883 1412 1920 dicit

1325 1946 1393 1972 XLI
1410 1935 1537 1974 Nolite
1555 1938 1682 1973 timere
1692 1943 1770 1985 pus

1323 1991 1408 2028 illus
1428 2002 1521 2038 grex
1541 1997 1578 2027 et
1598 1990 1646 2027 de
1667 2002 1728 2027 ser

1325 2056 1373 2081 uo
1395 2056 1511 2094 quem
1531 2044 1726 2081 constituit

1324 2099 1410 2135 dms
1431 2109 1545 2146 super
1564 2097 1726 2135 familias

1323 2159 1362 2189 ut
1383 2152 1446 2190 det
1466 2152 1519 2189 eis
1541 2152 1701 2189 ciuarias

1326 2216 1411 2242 XLII
1424 2204 1512 2243 lVon
1526 2207 1612 2242 ueni
1613 2212 1742 2254 pacem
1755 2206 1825 2242 mit

1325 2268 1402 2297 tere
1424 2259 1490 2297 sed
1511 2259 1679 2308 gladium
1701 2259 1750 2296 da

1323 2325 1443 2363 opera
1462 2313 1610 2350 liberari
1630 2314 1678 2350 ab
1699 2312 1749 2350 ad

1322 2368 1492 2404 uersario
1513 2367 1605 2404 dum
1624 2379 1664 2404 es
1683 2378 1772 2404 cum

1324 2422 1388 2458 illo
1410 2422 1447 2458 in
1468 2421 1569 2458 uiam
1591 2429 1627 2458 et
1647 2421 1753 2458 uenit

1324 2475 1373 2512 ad
1393 2476 1569 2512 arborem
1590 2475 1684 2512 ficus
1703 2475 1794 2524 pla*

1324 2536 1361 2566 ta
1380 2529 1418 2565 in
1438 2529 1591 2566 uincam
1611 2541 1685 2577 que
1705 2536 1786 2566 no-

1324 2582 1454 2620 fecerit
1474 2582 1638 2619 fructum
1658 2594 1725 2631 per

1325 2648 1446 2673 annos
1467 2643 1541 2673 tres

1326 2699 1431 2725 XLIII
1445 2689 1505 2726 De
1523 2690 1703 2738 sanguine
1715 2690 1805 2738 gali

1324 2744 1470 2781 leorum
1492 2755 1607 2791 quem
1628 2743 1699 2780 mis

1325 2797 1402 2835 cuit
1422 2797 1559 2846 pilatus
1580 2808 1668 2834 cum
1688 2808 1730 2834 sa

1324 2851 1473 2888 orificiis

1326 2914 1449 2942 XLIIII
1459 2904 1607 2943 Mulier
1618 2904 1663 2942 ab
1676 2904 1826 2955 infirmi

2293 229 2341 266 45

1851 344 1950 382 Tate
1970 358 2158 383 annorum
2179 358 2262 384 XU11

1851 400 1999 436 sanauit
2020 399 2078 436 ihs
2097 400 2186 437 item
2207 401 2254 437 de

1850 464 1972 501 grano
1993 454 2134 502 sinapis
2154 460 2190 491 et
2211 454 2265 491 fer

1853 513 1996 544 mento
2022 508 2216 545 absconso
2234 508 2275 544 in

1850 559 2010 596 farinam

1852 623 1899 648 XL
1904 613 1966 649 [ΓΕ
1962 615 2282 663 z'lz'regniexpellen
2286 619 2349 652 tur

1851 673 1887 703 et
1907 675 2016 704 erunt
2036 669 2235 705 nouissimi

1851 720 1964 768 primi

1852 783 1899 809 XL
1905 783 1943 809 L'I
1952 774 2185 811 Hierusalem
2199 776 2350 813 z'herusa

1851 827 1926 864 lern
1950 839 2023 876 que
2043 828 2186 865 occidis
2207 841 2276 878 pro

1851 881 1986 930 phetas
2273 879 2350 934 [ihs

1854 945 1964 971 XLIII
2003 933 2079 972 Ubi
2114 935 2350 984 hydropicum

1853 989 1998 1026 curauit
2017 995 2054 1026 et
2074 988 2231 1038 diligere

1853 1043 2049 1092 proximos
2069 1043 2204 1080 accubi

1853 1104 1913 1134 tos
1934 1102 1971 1133 et
1990 1097 2038 1133 ad
2059 1108 2195 1134 cenam
2215 1103 2297 1134 no-

1853 1150 1980 1187 diuitis
2001 1150 2068 1187 sed
2088 1162 2278 1201 pauperes

1852 1204 2071 1241 inbitandos

1854 1267 1901 1292 XL
1907 1267 1981 1293 IfIII
1997 1257 2057 1294 De
2070 1270 2106 1294 eo
2121 1258 2188 1305 qui
2198 1258 2356 1294 uoluerit

1853 1318 1997 1348 turrem
2018 1311 2215 1348 aedificare

1854 1372 1890 1402 et
1910 1366 2057 1402 bonum
2077 1371 2133 1401 est
2157 1364 2211 1402 sal

1855 1428 2000 1454 XLc'IIII
2011 1417 2072 1454 De
2086 1431 2148 1455 oue
2162 1431 2227 1467 que
2240 1431 2353 1455 rraue

1853 1479 1912 1509 rat
1934 1473 1982 1509 de
2003 1480 2159 1509 centurn
2196 1478 2235 1509 et

1853 1526 1989 1563 mulier
2009 1538 2082 1575 que
2101 1525 2219 1575 perde

1853 1580 1960 1618 derat
1979 1592 2097 1616 unam
2118 1580 2165 1618 de
2185 1591 2271 1617 cem

1852 1666 2045 1715 Dragmas

1854 1730 1876 1756 L
1891 1721 2012 1757 Homo
2032 1721 2181 1769 quidam
2203 1719 2333 1757 habuit

1854 1774 1952 1812 duos
1974 1774 2072 1811 filios
2093 1781 2128 1811 et
2149 1774 2277 1811 diuisit
2296 1773 2320 1810 il

1853 1828 1898 1865 lis
1919 1828 2173 1865 substantiam

1852 1892 1893 1917 LI
1909 1881 1970 1918 De
1989 1882 2096 1918 nilico
2118 1882 2326 1930 inz'qm'tatzls·

1855 1936 1959 1985 quod
1979 1936 2182 1984 prudenter
2201 1935 2289 1972 secit

1856 2000 1916 2025 LII
1934 1989 2051 2026 lVemo
2065 1993 2179 2037 polest
2196 1988 2332 2025 duobus

1856 2044 2021 2081 dominis
2042 2043 2183 2080 seruire
2202 2048 2240 2080 et

1856 2098 1921 2147 qui
1941 2097 2092 2133 dimittit
2111 2108 2271 2134 uxorem

1856 2159 1893 2188 et
1913 2151 2025 2188 aliam
2046 2150 2148 2188 ducit
2167 2162 2254 2188 moe

1855 2205 1989 2242 chatur

1855 2269 1933 2295 LIII
1949 2258 2009 2295 De
2027 2258 2179 2307 quodam
2195 2258 2306 2294 diuite
2323 2261 2358 2294 et

1855 2313 2066 2350 eleazarum
2088 2319 2123 2348 et
2143 2324 2211 2360 per
2229 2317 2336 2359 que-

1854 2367 1959 2404 uenit
1979 2365 2200 2403 scandalum
2220 2365 2271 2401 bo

1855 2432 1949 2457 num
1972 2427 2050 2456 erat
2071 2419 2121 2455 illi
2142 2431 2220 2456 non
2245 2417 2352 2455 nasci

1855 2483 1953 2509 LIIII
1958 2473 1991 2511 S
1990 2475 2007 2509 i
2010 2474 2221 2522 peccauerit
2215 2472 2353 2522 frater

1856 2534 1942 2564 tuus
1963 2527 2110 2575 corripe
2132 2527 2237 2563 illurn

1855 2587 1892 2617 et
1913 2581 2086 2618 dixerunt
2106 2580 2253 2628 discipu

1855 2634 1879 2670 li
1901 2647 1997 2683 auge
2019 2634 2130 2671 nobis
2150 2633 2266 2670 fidem

1856 2695 1892 2725 et
1912 2688 2001 2725 dicit
2021 2687 2068 2724 de
2089 2699 2244 2725 seruum

1854 2749 2027 2778 arantem

1855 2806 1904 2831 LU
1914 2795 2044 2832 Decem
2064 2796 2149 2832 uiri
2164 2795 2298 2843 leprosi

1855 2850 2031 2886 mundati
2052 2856 2139 2886 sunt
2159 2861 2206 2886 ex
2227 2849 2292 2898 qui

1855 2904 1928 2942 bus
1943 2915 2042 2941 unus
2056 2903 2195 2954 gratias
2208 2903 2284 2951 egit
2299 2901 2351 2940 do
