2504 3382
131 217 178 256 72

131 294 213 324 1¹01.
229 294 305 323 141.

133 337 256 374 Piauit
293 334 408 372 nolite
427 333 478 370 ire
498 339 587 383 post

131 391 214 428 illos

135 445 253 482 ⁹Cum
273 449 397 479 autem
418 439 608 477 audieritis

134 498 280 547 proelia
298 502 334 532 et
355 494 550 531 seditionis

134 551 249 589 nolite
268 548 396 586 terreri
433 559 530 596 opor

134 610 187 642 tet
206 604 302 641 haec
321 602 487 651 primum
507 600 554 637 fie

134 659 166 695 ri
186 657 252 695 sed
272 667 351 693 non
372 655 498 692 statim
517 653 603 691 finis

134 712 174 749 in
194 711 264 748 illis

134 764 272 802 ¹⁰Nam
293 768 419 812 surget
434 773 528 811 gens
548 767 627 798 00-

134 828 192 857 tra
211 825 363 867 gentem
384 824 420 854 et
440 827 506 864 reg

135 885 229 910 num
248 871 429 909 aduersus
449 881 515 917 reg

135 938 229 963 num
250 925 319 962 net
338 924 424 961 terri
444 928 570 959 motus

135 979 266 1028 magni
286 983 395 1015 erunt
414 989 481 1025 per
501 975 538 1012 10

135 1046 180 1071 03
199 1040 235 1070 et
253 1030 464 1081 pestilentia
483 1035 519 1065 et
539 1027 575 1064 fa

135 1098 217 1124 mes
236 1092 346 1123 erunt
364 1093 524 1120 terrores

135 1152 233 1190 quae
253 1139 300 1176 de
320 1137 425 1175 caelo
445 1143 481 1173 et
502 1135 559 1184 sig

135 1207 185 1231 na
204 1204 344 1241 magna
364 1197 473 1228 erunt
493 1196 529 1226 et

135 1252 380 1296 tempestates

136 1301 247 1338 ¹²Sed
268 1307 354 1337 ante
377 1298 472 1335 haec
497 1296 628 1334 omnia

135 1355 291 1392 inicient
309 1354 350 1389 in
368 1363 439 1389 uos
457 1363 522 1388 ma

137 1421 209 1446 nus
228 1419 313 1445 suas
334 1414 369 1443 et
388 1410 601 1455 perseque-

137 1470 198 1500 tur
216 1462 409 1499 tradentes
429 1460 468 1496 in
488 1471 530 1506 sy

138 1515 300 1564 nagogis
321 1522 358 1551 et
378 1512 528 1551 custodi

138 1583 180 1608 as
200 1570 384 1607 ducentes
405 1566 453 1604 ad
472 1578 511 1603 re

138 1711 205 1749 ges
225 1705 262 1736 et
281 1697 452 1747 presides
471 1707 568 1745 prop

137 1762 194 1791 ter
213 1764 357 1790 nomen
377 1762 505 1788 meum

137 1806 368 1854 13continget
387 1805 489 1842 enim
509 1814 559 1840 uo

138 1862 195 1898 bis
214 1861 254 1898 in
273 1858 532 1897 testimonium

139 1914 307 1952 ¹⁴²Ponite
328 1925 418 1961 ergo
439 1912 478 1948 in
498 1923 563 1948 cor

139 1969 250 2006 dibus
269 1968 405 2004 uestris
423 1977 503 2003 non

140 2021 385 2071 premeditari
405 2030 521 2069 quem

140 2075 352 2113 admodum
370 2079 513 2122 respo-

142 2129 262 2166 deatis
281 2128 389 2175 15ego
409 2127 510 2164 enim
531 2125 580 2162 da

142 2184 194 2220 bo
213 2183 322 2220 uobis
342 2181 412 2218 hos
432 2188 468 2217 et
489 2179 624 2228 sapie-

141 2237 233 2274 tiam
252 2236 313 2273 cui
333 2247 411 2273 non
431 2240 593 2283 poteru-

141 2291 310 2328 resistere
331 2288 491 2326 aduersa

143 2345 187 2381 rii
206 2343 322 2380 uestri

142 2395 394 2435 1ssTradimini
407 2402 535 2432 autem
550 2406 572 2432 a
586 2406 636 2444 pa

143 2452 311 2489 rentibus
331 2458 367 2488 et
387 2449 487 2486 fratri

143 2506 216 2542 bus
236 2512 272 2542 et
292 2503 466 2552 cognatis
487 2509 523 2539 et

145 2559 278 2596 amicis
298 2565 334 2595 et
356 2564 478 2594 morte
498 2556 547 2593 ad

146 2612 273 2649 sicient
293 2624 340 2648 ex
359 2611 470 2648 uobis
489 2610 560 2647 ¹⁷et

145 2666 245 2702 eritis
265 2665 352 2702 odio
373 2665 552 2701 omnibus

146 2717 169 2748 h
200 2718 212 2748 i

147 2761 326 2798 omnibus
346 2767 497 2808 propter

148 2826 291 2851 nomen
310 2825 440 2850 meum
460 2813 529 2850 1801

150 2868 307 2917 capillus
327 2867 374 2904 de
393 2866 514 2915 capite

148 2934 229 2959 non
249 2921 382 2970 peribit
400 2919 471 2956 ¹⁹in
492 2931 558 2957 ues

148 2984 205 3012 tra
225 2974 404 3025 patientia
423 2973 536 3023 adqui

361 205 405 242 E
408 204 475 242 UA
482 201 679 241 NGELI
680 201 773 239 UM
793 199 868 239 SE
869 200 903 238 C

660 330 767 368 Retis
787 329 934 366 animas
953 334 1098 365 uestras

658 394 737 420 LXX
746 384 776 404 ²⁰
799 382 893 420 Cum
913 386 1030 418 autem
1055 381 1136 417 uide

659 438 737 474 ritis
757 435 981 474 circumdari

660 492 708 528 ab
729 490 938 528 exercitum
959 489 1018 525 ihe

659 544 824 582 rusalem
844 550 935 581 tunc
956 542 1009 580 sci

853 606 873 627 a

660 647 738 679 tote
758 640 848 690 quia
869 639 1029 688 dpropia

659 696 714 732 uit
733 694 918 732 desolatio
939 693 1018 730 eius

661 749 686 769 ²¹
696 748 812 785 Tunc
826 747 890 796 qui
906 747 944 783 in
958 745 1068 782 iudea
1082 750 1154 782 su‘·

661 802 809 850 fugiant
829 813 851 837 a
870 800 964 837 facie
985 799 1064 836 eius

660 856 699 893 in
719 855 913 892 montibus
934 853 998 901 qui
1018 854 1057 888 in

660 909 788 945 medio
808 908 887 944 eius
908 905 1077 942 discedat

661 969 699 999 et
719 961 783 1010 qui
803 961 840 997 in
860 959 1081 1008 regionibus

660 1027 738 1052 non
759 1015 870 1051 intret
888 1014 927 1049 in
946 1024 1033 1049 eam

660 1068 782 1117 ²²quia
803 1067 883 1104 dies
903 1065 1056 1103 ultionis
1075 1064 1127 1102 hii

661 1131 748 1160 sunt
767 1128 807 1158 ut
827 1120 1042 1170 inpleantur

661 1177 792 1213 omnia
811 1186 909 1225 quae
930 1173 1029 1223 scrip

661 1237 699 1267 ta
719 1235 806 1266 sunt

660 1281 782 1320 2³Uae
798 1282 855 1319 his
872 1293 971 1331 quae
987 1281 1026 1318 in
1045 1286 1154 1317 utero

662 1337 804 1375 habent
825 1343 861 1373 et
880 1336 996 1372 ubera
1016 1335 1093 1372 da*

663 1392 703 1428 in
722 1391 793 1428 illis
813 1389 947 1426 diebus
970 1388 1039 1425 erit
1062 1387 1157 1425 eni-

663 1456 776 1494 supra
795 1451 932 1481 terram
951 1454 1038 1492 pres

663 1510 750 1536 sura
769 1509 912 1546 magna
931 1504 968 1533 et
988 1496 1043 1533 ira

662 1552 808 1601 populo
829 1551 917 1588 huic
937 1551 1009 1587 24et
1030 1547 1152 1587 cade*

664 1607 704 1644 in
723 1618 788 1643 ore
807 1604 924 1654 gladii
943 1611 979 1641 et
999 1615 1071 1652 cap

667 1692 718 1730 Ti
737 1691 922 1729 ducentur
942 1690 980 1727 in
1001 1702 1066 1728 om

665 1747 777 1783 nibus
797 1746 973 1794 gentibus
993 1751 1029 1782 et
1049 1743 1111 1781 hie

663 1800 827 1838 rusalem
847 1799 1052 1836 calcabitur

665 1867 688 1892 a
708 1854 925 1891 nationibus
947 1853 1037 1889 dum
1058 1852 1097 1888 in

665 1908 838 1958 pleantur
857 1914 1034 1955 tempora

665 1963 838 2010 gentium

665 2016 751 2053 ²⁵Et
767 2019 874 2053 erunt
891 2014 1000 2062 signa
1020 2013 1059 2049 in
1079 2011 1159 2050 sole

666 2077 703 2107 et
723 2069 812 2106 luna
832 2075 868 2105 et
889 2067 1003 2105 stellis
1022 2073 1058 2104 et
1078 2067 1117 2103 in

666 2124 774 2160 terris
794 2134 967 2171 pressura
986 2127 1067 2170 ge*

666 2177 760 2214 tium
781 2188 848 2225 pre
869 2175 1044 2213 confusio

668 2243 716 2268 ne
737 2231 884 2268 sonitus
904 2229 1018 2265 maris
1038 2234 1076 2265 et

668 2285 823 2322 fluctum
843 2283 1036 2320 2⁴³arescen

668 2339 768 2376 tibus
788 2337 1006 2374 hominibus
1025 2347 1094 2384 pre

668 2393 805 2430 timore
823 2390 1037 2439 expectatio

670 2458 718 2482 ne
739 2457 837 2495 quae
858 2442 1063 2493 superueni

670 2506 734 2537 ent
753 2499 932 2536 uniuerso
953 2497 1035 2534 orbi

671 2553 775 2591 Nam
794 2553 950 2589 uirtutes
970 2562 1067 2600 quae

670 2607 710 2644 in
730 2607 835 2644 caelo
856 2612 944 2643 sunt
963 2616 1076 2642 moue

670 2662 812 2698 buntur

672 2715 755 2752 27Et
774 2722 865 2751 tunc
884 2712 1068 2750 uidebunt
1089 2710 1141 2747 fili

672 2781 738 2806 um
758 2768 924 2806 hominis
944 2766 1084 2803 uenie-

671 2831 749 2860 tem
770 2823 808 2858 in
828 2821 994 2858 nubibus
1013 2831 1101 2857 cum

672 2882 858 2924 potestate
878 2886 1020 2922 magna
1040 2880 1076 2910 et

675 2929 871 2966 maiestate
891 2928 983 2964 2¹³his
1004 2933 1132 2964 autern

1563 193 1858 232 LUCANUM
1912 191 2008 246 [XXI.
2029 200 2168 232 8—xxn.
2191 209 2241 233 11.

1219 282 1300 312 Fol.
1318 282 1398 311 142.

1219 323 1498 373 iNcipientibus
1519 322 1567 359 fie

1220 379 1250 415 ri
1271 377 1501 426 respirabitis
1520 384 1555 413 et
1574 376 1660 413 leua

1221 432 1308 468 bitis
1329 431 1454 479 capita
1474 436 1600 466 uestra

1221 485 1403 536 quoniam
1424 483 1626 532 adpropiat

1220 538 1433 586 redemptio
1453 544 1580 574 uestra

1221 591 1303 629 ²⁹Et
1324 592 1415 628 dixit
1435 591 1506 627 illis
1527 589 1682 626 similitu

1222 646 1352 683 dinem
1372 644 1496 682 uidete
1517 642 1606 681 ficul

1221 712 1332 737 neam
1354 704 1391 735 et
1410 697 1536 735 omnis
1555 708 1596 734 ar

1221 753 1324 790 boris
1343 752 1468 789 3⁰cum
1488 750 1689 800 producu‘·

1222 808 1297 844 iam
1316 818 1364 843 ex
1385 818 1424 843 se
1445 805 1607 841 fructum

1222 860 1322 897 scitis
1343 860 1432 908 quia
1451 870 1572 907 prope
1593 864 1649 894 est

1222 921 1346 950 aestas
1419 912 1503 949 3¹ita
1523 918 1560 948 et
1579 911 1674 949 haec

1222 979 1310 1004 cum
1330 965 1497 1003 uideritis
1516 965 1595 1002 fieri

1222 1021 1353 1058 scitote
1374 1019 1462 1069 quia
1482 1031 1603 1068 prope

1222 1081 1278 1111 est
1298 1085 1459 1123 regnum
1479 1072 1519 1109 di

1221 1128 1383 1164 3²Amen
1403 1127 1490 1164 dico
1505 1126 1616 1164 uobis
1629 1125 1719 1175 quia

1223 1194 1301 1219 non
1322 1181 1488 1230 preteriit
1510 1192 1609 1229 gene

1223 1236 1316 1273 ratio
1337 1235 1430 1272 haec
1451 1234 1573 1272 donec
1595 1245 1660 1271 om

1224 1290 1287 1326 nia
1306 1289 1397 1326 fiant

1222 1343 1249 1363 ³³
1260 1342 1419 1381 Caelum
1439 1348 1476 1379 et
1495 1348 1633 1378 terram

1224 1397 1436 1434 transibunt
1455 1396 1571 1432 uerba

1224 1457 1352 1487 autem
1371 1461 1458 1486 mea
1477 1461 1557 1486 non
1576 1459 1643 1498 pre

1226 1505 1389 1541 teribunt

1223 1556 1464 1595 34Adtendite
1484 1562 1613 1593 autem
1631 1566 1682 1592 uo

1226 1687 1291 1724 Bis
1311 1699 1359 1724 ne
1379 1688 1476 1724 forte
1496 1689 1638 1734 graue-

1226 1748 1286 1778 tur
1305 1740 1421 1778 corda
1440 1747 1564 1777 uestra

1227 1796 1265 1832 in
1285 1794 1441 1844 crapula
1461 1800 1497 1830 et
1517 1793 1620 1830 ebrie

1227 1856 1303 1886 tate
1341 1856 1379 1886 et
1398 1847 1579 1896 cogitatio

1229 1903 1340 1940 nibus
1362 1901 1595 1939 secularibus

1228 1963 1264 1994 et
1283 1956 1527 2005 superueniat
1547 1955 1587 1991 in

1228 2011 1339 2047 uobis
1358 2009 1555 2058 repentina
1575 2008 1613 2045 di

1229 2076 1269 2102 es
1289 2064 1352 2101 illa
1370 2063 1398 2083 ³⁵
1407 2072 1601 2112 tamquam
1621 2061 1657 2099 la

1229 2129 1351 2168 queus
1372 2117 1578 2166 superueni

1229 2180 1293 2210 ent
1314 2172 1416 2209 enim
1436 2172 1475 2207 in
1495 2182 1632 2208 omnes

1229 2226 1293 2275 qui
1315 2226 1448 2262 sedent
1468 2236 1583 2274 supra
1601 2224 1638 2261 fa

1229 2281 1325 2317 ciem
1346 2285 1468 2316 terrae

1228 2333 1428 2382 36Uigilate
1448 2333 1575 2381 itaque
1595 2343 1660 2369 orn

1231 2388 1269 2424 ni
1288 2394 1461 2436 tempore
1481 2398 1576 2424 oran

1231 2449 1286 2478 tes
1305 2447 1346 2477 ut
1366 2440 1471 2488 digni
1491 2439 1613 2476 habea

1231 2495 1324 2531 mini
1344 2494 1509 2542 effugere
1529 2493 1600 2530 ista

1232 2548 1361 2586 omnia
1382 2559 1456 2597 que
1475 2547 1600 2583 futura

1233 2609 1319 2639 sunt
1338 2609 1376 2638 et
1397 2600 1552 2638 stabatis
1572 2611 1622 2637 an

1233 2664 1268 2693 te
1289 2655 1406 2692 filium
1427 2655 1593 2692 hominis

1232 2719 1330 2746 LXXI
1339 2709 1367 2729 ³⁷
1382 2708 1488 2746 Erat
1500 2712 1616 2745 aufem
1633 2708 1728 2744 z'nler

1233 2763 1292 2801 die
1313 2764 1458 2801 docens
1481 2763 1519 2799 in
1539 2770 1617 2799 tem

1234 2817 1298 2866 plo
1337 2817 1513 2854 noctibus
1533 2827 1581 2853 ue

1234 2883 1275 2908 ro
1296 2871 1449 2908 exsiens
1470 2869 1641 2906 auocaba

1232 2933 1292 2961 tur
1310 2925 1349 2961 in
1370 2931 1541 2961 montem
1563 2923 1628 2971 qui

1748 321 1920 360 Uocatur
1939 323 2067 360 oliueti

1747 376 1831 413 38Et
1850 377 1975 413 omnis
1994 377 2160 425 populus

1747 430 1964 467 manicabat
1984 430 2032 466 ad
2053 443 2141 468 eum

1747 483 1787 519 in
1807 483 1952 532 templo
1971 483 2101 522 audire

1747 548 1837 573 eum

1747 589 1802 626 22¹
1822 589 2075 639 Adpropiauit
2093 597 2221 628 autem

1748 643 1829 679 dies
1849 642 1966 680 festus
1986 656 2124 691 azymo

1748 708 1832 733 rum
1871 697 1935 745 qui
1955 696 2088 734 dicitur

1749 749 1918 799 phascha
1955 751 2012 786 ²et
2031 762 2149 799 quere

1749 804 1842 841 bant
1863 803 2042 852 principis
2062 815 2104 840 sa

1750 856 1947 894 cerdotum
1967 864 2003 894 et
2023 856 2096 894 scri

1749 911 1821 948 bae
1842 910 2040 959 quomodo
2060 916 2140 947 eu-

1751 965 2004 1002 interficerent
2023 964 2114 1001 time

1751 1020 1843 1056 bant
1862 1030 1955 1055 uero
1977 1018 2127 1068 plebem

1750 1072 1932 1109 3Intrauit
1952 1078 2080 1109 autem
2100 1083 2142 1108 sa

1751 1133 1859 1163 tanas
1879 1126 1917 1162 in
1938 1126 2066 1163 iudam
2087 1125 2153 1175 qui

1751 1180 2094 1228 cognominabatur

1752 1233 1915 1271 scarioht
1933 1245 2053 1270 unum
2074 1232 2122 1269 de

1751 1287 1955 1325 duodecim
1974 1288 2031 1324 ‘¹et
2051 1286 2143 1323 abiit

1750 1348 1788 1378 et
1808 1341 1957 1378 locutus
1977 1347 2033 1377 est
2052 1340 2139 1389 pri*

1752 1395 1898 1444 cipibus
1918 1394 2146 1432 sacerdotu—

1752 1457 1789 1486 et
1810 1449 1942 1485 scribis
1962 1459 2107 1496 quomo

1754 1502 1804 1539 do
1824 1502 1931 1538 illum
1951 1501 2114 1538 traderet

1754 1556 1822 1593 ⁵Et
1838 1555 1939 1605 pacti
1952 1562 2039 1592 sunt
2054 1553 2247 1603 pecunia*

1754 1685 1830 1723 Am
1851 1684 1901 1721 illi
1921 1683 2054 1721 darent
2074 1683 2130 1720 6et
2150 1694 2225 1732 que

1756 1740 1892 1777 rebant
1911 1737 2132 1787 oportunita

1756 1801 1835 1831 tem
1855 1792 2037 1841 temporis
2057 1798 2097 1828 ut
2116 1797 2173 1828 tra

1757 1847 1863 1885 deret
1881 1846 1985 1883 illum
2006 1845 2059 1883 eis
2079 1844 2161 1882 sine

1757 1902 1867 1939 turba
2156 1895 2252 1950 [pas

1757 1954 1895 1990 LXX11⁷
1917 1952 2025 1990 Uenz'l
2041 1956 2158 1989 autem
2178 1953 2252 1989 dies

1759 2008 1828 2046 che
1848 2009 1887 2044 in
1908 2019 1984 2057 qua
2003 2018 2160 2044 necesse

1757 2068 1835 2100 erat
1855 2061 2031 2098 inmolari
2050 2060 2089 2096 in
2110 2071 2179 2109 pas

1757 2116 1830 2154 cha
1863 2115 1917 2153 ⁸et
1930 2115 2030 2151 misit
2042 2118 2182 2163 petru*

1758 2178 1795 2207 et
1814 2169 2021 2206 iohannem
2041 2168 2172 2206 dicens

1759 2230 1894 2261 euntes
1914 2229 2044 2272 parate
2062 2221 2176 2259 nobis

1760 2277 1904 2327 pascha
1923 2284 1964 2313 ut
1985 2275 2175 2312 manduce

1759 2343 1845 2368 mus

1760 2384 1840 2421 ⁹Ad
1860 2383 1911 2421 illi
1932 2383 2106 2420 dixerunt
2125 2381 2192 2418 ubi

1758 2439 1816 2475 uis
1835 2448 2012 2487 paremus
2032 2437 2099 2473 tibi
2117 2447 2237 2486 pasca

1758 2492 1844 2529 ¹⁰Et
1864 2491 1956 2528 dixit
1975 2490 2026 2528 ad
2044 2490 2127 2527 illos
2147 2501 2238 2527 ecce

1760 2545 2039 2583 introeuntibus
2058 2556 2109 2581 uo

1761 2601 1818 2638 bis
1839 2600 1878 2636 in
1898 2599 2089 2637 ciuitatem
2127 2608 2174 2635 oc

1761 2659 1884 2691 curret
1904 2653 2014 2690 uobis
2035 2652 2153 2689 homo

1763 2707 1990 2756 amphoram
2011 2716 2134 2753 aquae

1761 2769 1917 2810 portans
1937 2757 2139 2807 sequimini

1762 2827 1850 2852 eum
1870 2815 1909 2850 in
1930 2812 2090 2849 domum
2110 2810 2150 2846 in

1761 2879 1878 2918 quam
1897 2867 2038 2903 intrant
2075 2864 2145 2901 1¹et
2165 2863 2203 2900 di

1761 2921 1853 2959 cetis
1872 2917 2140 2970 paterfamilias
