2504 3382
255 192 290 216 v.
314 192 432 226 ²4-V1·
456 177 537 232 20.]
597 178 1010 218 EUANGELIUM
1031 181 1140 219 SEC

254 265 335 296 1¹01.
351 267 432 296 163.

256 307 457 354 Quebatur
476 320 565 346 eum
587 315 645 346 tur

255 362 305 398 ba
324 362 442 399 multa
461 369 498 399 et
518 362 653 412 conpri

255 416 411 453 mebant
431 428 520 453 eum

253 468 337 506 ²⁵Et
357 481 446 507 ecce
466 469 600 507 mulier
620 482 716 519 quae

255 529 334 560 erat
353 523 392 559 in
412 523 600 572 profluuio
621 536 689 560 san

254 576 379 625 guinis
396 577 506 614 annis
520 590 585 614 ΧΗ·
616 577 747 627 2‘³quae

254 630 374 667 multa
392 642 504 679 passa
524 631 643 667 suerat

253 695 276 720 a
296 683 465 732 pluribus
485 685 640 722 medicis
660 692 697 722 et

253 745 477 786 erogauerat
497 739 628 776 omnia

253 802 322 828 sua
343 799 379 829 et
398 792 490 828 nihil
510 792 663 841 profece

253 851 311 881 rat
367 845 433 882 sed
454 846 560 894 peius
580 845 679 882 habe

252 899 317 935 bat
336 898 501 936 ²⁷audito
521 899 568 936 de
588 899 651 936 ihu
671 912 718 937 ue

252 952 308 989 nit
328 952 374 989 de
394 960 493 990 retro
513 954 552 989 in
572 954 682 990 turba

252 1012 290 1043 et
309 1007 429 1055 tetigit
448 1007 636 1043 uestimen

251 1065 333 1096 tum
353 1061 434 1097 eius
453 1060 615 1097 ²⁸dicens
636 1060 733 1097 intra

252 1124 293 1150 se
331 1113 391 1150 uel
412 1113 442 1150 si
461 1114 722 1150 uestimentu-

251 1167 332 1203 eius
353 1167 511 1214 tetigero
532 1167 637 1204 salua

251 1232 317 1257 ero
390 1220 460 1257 ²⁹et
480 1220 681 1258 confestim

251 1273 432 1311 siccatum
453 1279 510 1310 est
530 1273 614 1311 fons

251 1327 444 1376 sanguinis
464 1328 544 1364 eius
564 1335 601 1364 et
622 1339 689 1365 sen

251 1381 297 1418 sit
316 1381 466 1429 corpori
485 1381 565 1419 eius
586 1381 690 1430 quod

249 1441 349 1471 esset
369 1447 391 1471 a
411 1435 524 1483 plaga
544 1447 636 1472 sana

250 1487 482 1537 ⁸⁰Cognouit
495 1495 622 1526 autem
637 1495 673 1526 et
686 1488 743 1526 ihs

250 1541 430 1579 uirtutem
450 1542 572 1580 exisse
593 1555 615 1579 a
635 1554 676 1580 se

249 1670 300 1707 Et
320 1682 530 1708 conuersus
549 1671 599 1708 ait
619 1671 668 1709 ad

251 1725 381 1762 turbas
402 1725 485 1774 quis
506 1725 626 1774 tetigit

249 1778 475 1815 uestimenta
495 1791 581 1816 mea

248 1831 426 1868 31Dicunt
446 1844 538 1880 ergo
560 1832 708 1880 discipu

248 1885 273 1922 li
293 1885 374 1922 eius
411 1886 520 1923 uides
540 1887 678 1924 turba-

248 1940 555 1987 conprimentem
575 1946 611 1976 te

246 1999 285 2030 et
305 1993 397 2030 dicis
417 1994 501 2042 quis
521 2006 582 2031 me
602 1993 667 2030 teti

247 2046 304 2095 git
412 2046 482 2084 ³²et
502 2047 706 2096 circumspi

248 2100 373 2137 ciebat
392 2100 450 2137 ihs
471 2101 598 2138 uidere
618 2113 715 2150 quae

247 2153 322 2191 hoc
342 2153 482 2191 fecerat

246 2206 332 2245 ³³Et
352 2208 486 2245 mulier
505 2208 643 2246 timens
663 2215 701 2246 et

247 2267 416 2299 tremens
436 2262 541 2311 quod
561 2262 643 2300 fece

247 2322 304 2352 rat
323 2315 474 2353 occulto
494 2316 617 2354 sciens

246 2368 388 2407 factum
408 2370 490 2418 ipsa
510 2370 614 2406 uenit

247 2430 284 2459 et
303 2423 466 2471 procidit
485 2430 573 2460 ante
593 2435 682 2460 eum

245 2483 284 2514 et
303 2476 395 2514 dixit
415 2477 449 2513 ei
469 2488 625 2514 omnem

246 2529 446 2568 ueritatem

245 2583 347 2620 ³⁴1hs
367 2596 460 2621 uero
480 2584 531 2621 ait
549 2583 600 2620 illi
622 2584 698 2622 filia
718 2584 742 2622 fi

246 2636 313 2675 des
333 2644 396 2674 tua
416 2645 450 2675 te
472 2638 616 2674 saluam

246 2691 334 2729 fecit
353 2691 453 2728 uade
473 2692 512 2728 in
533 2704 669 2741 pacem

246 2751 284 2781 et
303 2751 385 2782 esto
407 2757 501 2782 sana
521 2758 543 2783 a
562 2746 677 2795 plaga

246 2805 311 2836 tua
419 2799 579 2836 ³⁵adhuc
599 2812 645 2837 eo

245 2851 426 2901 loquente
447 2853 605 2891 ueniunt

246 2905 295 2944 ad
315 2916 635 2958 arcysynagogu‘

784 308 967 347 Dicentes
988 311 1062 348 filia
1083 316 1149 348 tua

783 370 932 402 mortua
952 370 1008 402 est
1028 364 1118 414 quid
1138 376 1200 401 am

783 417 881 465 plius
900 430 1020 455 uexas
1039 418 1253 465 magistru‘

783 471 882 508 3‘³Ihs
895 477 1020 508 autem
1035 472 1193 509 audiens
1202 471 1275 509 hoc

782 526 942 561 uerbum
963 525 1012 562 ait
1031 525 1134 562 archi

783 589 982 627 synagogo
1002 579 1080 615 noli
1102 579 1192 616 time

782 644 821 668 re
841 638 986 669 tantum
1005 632 1116 669 crede

781 684 864 722 ³⁷Et
883 697 961 722 non
983 685 1132 722 admisit
1151 693 1255 734 que*

782 751 897 788 quam
918 739 1024 788 sequi
1045 751 1084 776 se
1104 739 1177 776 nisi

780 799 928 840 petrum
949 800 985 829 et
1006 793 1186 830 iacobum

780 852 817 882 et
837 846 1046 883 iohannem
1066 846 1207 884 fratre·

780 899 901 937 iacobi

780 952 862 989 38Et
882 953 986 990 uenit
1006 953 1043 990 in
1065 953 1224 991 domum

779 1006 1068 1056 archisynagogi
1088 1014 1126 1045 et

780 1059 871 1096 uidit
892 1061 1047 1097 flentem
1067 1062 1206 1099 turba*

780 1121 816 1150 et
836 1113 1107 1152 lamentantem

779 1167 941 1204 multum

778 1220 863 1257 ⁸⁹Et
882 1221 1074 1269 ingressus
1094 1221 1144 1259 ait
1163 1222 1255 1272 quid

779 1274 983 1310 turbamini
1004 1281 1040 1311 et
1060 1275 1151 1324 quid

778 1327 932 1376 ploratis
969 1328 1094 1377 puella
1115 1336 1199 1366 no*

779 1388 835 1418 est
855 1390 1005 1418 mortua
1024 1383 1090 1419 sed
1111 1383 1182 1420 dor

778 1435 846 1472 mit
865 1435 949 1472 ⁴⁰illi
971 1448 1062 1474 uero
1082 1436 1201 1474 inride

778 1489 870 1525 bant
890 1489 994 1526 illum

778 1542 867 1592 Ipse
887 1555 978 1580 uero
999 1543 1148 1581 adiecta
1162 1545 1273 1582 turba

779 1671 898 1709 Foras
917 1671 1123 1721 adsumpto
1144 1684 1208 1710 ma

778 1730 832 1763 tre
853 1733 889 1762 et
909 1732 1015 1774 patre
1036 1727 1183 1775 puellae

779 1786 815 1816 et
835 1779 898 1828 qui
918 1792 1006 1817 curn
1025 1793 1072 1818 eo
1093 1787 1200 1818 erant

777 1833 946 1870 introiuit
965 1834 1030 1871 ubi
1050 1841 1127 1871 erat
1147 1846 1200 1883 pu

776 1886 849 1924 ella
868 1887 938 1924 4let
957 1893 1090 1924 tenens
1110 1896 1257 1925 manu-

777 1940 925 1989 puellae
946 1941 996 1978 ait
1016 1941 1067 1978 illi
1086 1941 1230 1979 tabitha

778 2006 866 2031 cum
887 1995 992 2044 quod
1012 2002 1068 2032 est
1087 1996 1186 2032 inter

777 2054 968 2097 petratum
988 2049 1113 2098 puella
1132 2049 1198 2086 tibi

777 2102 863 2138 dico
884 2114 995 2150 surge

777 2155 861 2192 42Εῖ
879 2155 1077 2193 confestim
1097 2168 1200 2193 surre

776 2209 832 2245 xit
851 2209 976 2258 puella
995 2217 1031 2246 et
1052 2210 1207 2248 ambula

777 2263 842 2299 bat
879 2270 959 2300 erat
980 2270 1106 2301 autem
1126 2276 1176 2301 an

777 2328 917 2354 norum
937 2329 991 2354 ΧΠ

775 2369 825 2406 Et
846 2376 1069 2419 stupuerunt
1088 2382 1225 2409 omnes

776 2430 933 2473 stupore
952 2436 1096 2473 magno
1116 2425 1188 2462 ‘¹³et

776 2478 945 2527 precepit
964 2478 1034 2515 illis
1053 2478 1111 2515 ihs
1131 2485 1173 2516 ut
1192 2490 1241 2516 ne

776 2531 868 2568 mini
889 2532 1056 2569 dicerent
1075 2538 1112 2569 et
1132 2533 1170 2569 di

776 2585 829 2621 xit
850 2585 928 2622 dari
948 2586 999 2622 illi
1019 2587 1252 2624 manducare

778 2648 847 2675 XL'l
863 2639 905 2676 6¹·
918 2639 976 2676 Et
988 2640 1174 2688 zbzgressus
1189 2641 1271 2677 inde

1194 2692 1270 2745 [ihs

777 2746 866 2784 abiit
886 2746 925 2783 in
946 2746 1106 2796 patriam
1126 2759 1234 2785 suam

777 2808 812 2838 et
834 2801 1090 2850 sequebantur
1109 2801 1216 2838 illum

776 2854 951 2903 discipuli
971 2854 1071 2891 illius

777 2908 846 2945 ²Et
866 2909 991 2957 coepit
1011 2909 1071 2945 die
1092 2909 1238 2946 sabbati

777 2962 918 3000 docere
938 2963 976 2999 in
997 2969 1222 3013 synagoga*

1262 3040 1288 3066 M

1318 3042 1334 3056 ⁷>

1733 182 1791 219 M
1787 183 1817 219 Α
1825 182 1866 219 R
1873 181 1998 221 CUM

1345 269 1425 299 For.
1442 270 1521 299 164.

1345 312 1394 348 Et
1413 312 1520 349 multi
1542 311 1738 351 audientes

1345 365 1626 403 admirabantur
1646 367 1683 403 in

1345 418 1516 456 doctrina
1535 420 1616 456 eius
1637 431 1773 457 omnes

1345 472 1514 509 dicentes
1553 473 1654 510 unde
1675 473 1760 510 huic

1346 526 1440 563 haec
1461 532 1495 562 et
1516 538 1614 575 quae
1635 534 1690 563 est
1710 527 1790 575 sapi

1345 580 1445 616 entia
1465 591 1562 628 quae
1584 579 1672 617 data
1692 587 1747 617 est
1768 580 1820 617 illi

1344 640 1384 670 ut
1404 640 1440 669 et
1458 634 1614 670 uirtutes
1635 634 1715 670 eius
1735 646 1803 682 per

1344 698 1481 723 manus
1501 687 1710 724 efficiantur

1343 740 1491 777 ³nonne
1511 740 1572 777 hic
1592 747 1648 778 est
1668 740 1774 778 faber

1345 793 1442 831 filius
1461 794 1602 831 mariae
1624 794 1737 831 frater

1344 848 1467 885 iacobi
1492 854 1529 885 et
1553 848 1663 885 iudae
1684 855 1721 885 et
1742 848 1839 887 simo

1343 913 1410 938 nes
1430 913 1560 939 nonne
1580 909 1616 939 et
1636 914 1785 939 sorores

1343 955 1423 992 eius
1443 955 1503 992 hic
1524 962 1609 992 sunt
1629 956 1822 994 nobiscu-

1342 1015 1378 1046 et
1399 1009 1753 1047 scandalizabantur

1343 1062 1381 1098 in
1402 1062 1464 1099 illo

1342 1116 1412 1153 ⁴Et
1432 1117 1581 1153 dicebat
1601 1117 1654 1153 eis
1674 1116 1731 1153 ihs
1747 1117 1836 1165 quia

1344 1182 1423 1206 non
1444 1176 1500 1207 est
1519 1169 1665 1218 profeta
1686 1171 1766 1208 sine

1343 1222 1490 1260 honore
1510 1224 1581 1260 nisi
1601 1224 1640 1261 in
1660 1225 1814 1273 patria-

1343 1288 1450 1315 suam
1471 1284 1507 1314 et
1528 1277 1566 1313 in
1587 1278 1817 1326 cognatione

1341 1337 1378 1367 et
1398 1331 1436 1366 in
1457 1331 1616 1368 domum
1636 1343 1746 1368 suam

1341 1383 1409 1420 ⁵Et
1430 1397 1509 1421 non
1531 1385 1618 1422 fecit
1639 1385 1690 1422 ibi
1710 1386 1809 1423 uirtu

1343 1445 1398 1475 tes
1419 1439 1557 1476 multas
1576 1439 1647 1476 nisi
1667 1451 1743 1488 pau

1343 1503 1410 1529 cos
1429 1491 1599 1529 infirmos
1619 1493 1782 1541 inpones

1341 1557 1500 1582 manum
1519 1546 1664 1584 curauit
1684 1546 1741 1584 Get

1343 1673 1584 1713 Mirabantur
1604 1687 1701 1725 prop

1342 1736 1396 1765 ter
1417 1729 1708 1766 incredulitate-

1340 1783 1491 1820 illorum
1757 1780 1838 1835 [cas

1342 1846 1429 1872 XUII
1445 1836 1502 1873 Et
1518 1836 1739 1874 circumibat
1754 1837 1813 1875 ifzs

1342 1890 1428 1927 tella
1447 1891 1486 1926 in
1506 1891 1662 1928 circuitu
1682 1891 1733 1928 do

1340 1956 1432 1982 cens

1340 1998 1408 2035 7Εῑ
1428 1998 1651 2035 conuocatis
1672 1997 1749 2035 duo

1340 2051 1463 2089 decim
1484 2052 1673 2100 discipulis
1693 2053 1745 2088 mi

1341 2107 1386 2142 sit
1406 2106 1488 2143 illos
1509 2118 1576 2154 per
1596 2107 1707 2143 binos
1727 2105 1823 2143 dans

1340 2160 1410 2197 illis
1429 2166 1660 2208 potestatem
1680 2159 1719 2196 fu

1339 2225 1429 2262 gare
1449 2213 1645 2262 spirituum
1665 2213 1704 2250 in

1339 2267 1572 2305 mundorum

1339 2320 1580 2370 ³Preeipiens
1595 2320 1664 2358 illis
1679 2333 1727 2358 ne
1743 2320 1834 2371 quid

1609 2384 1630 2404 n

1339 2429 1472 2455 secum
1490 2417 1636 2455 tolleret
1655 2417 1694 2454 in

1339 2472 1442 2508 uiam
1463 2472 1533 2509 nisi
1553 2472 1700 2520 uirgam

1339 2532 1487 2562 tantum
1507 2537 1586 2563 non
1605 2530 1726 2574 pera*

1339 2591 1463 2629 neque
1483 2591 1624 2628 panem
1645 2591 1732 2627 neq·

1339 2645 1520 2669 nummus
1541 2645 1579 2669 in
1599 2644 1706 2669 zonis

1338 2686 1425 2723 ⁰sed
1446 2686 1624 2723 calciatus
1644 2685 1731 2735 galli

1339 2740 1442 2777 culas
1462 2748 1496 2777 et
1517 2752 1564 2777 ne
1582 2739 1770 2777 induere-

1338 2801 1396 2830 tur
1416 2795 1523 2831 binas
1543 2794 1691 2831 tunicas

1338 2847 1422 2884 ¹0Et
1442 2848 1534 2884 dixit
1554 2848 1608 2885 eis
1628 2859 1798 2897 quocum

1338 2913 1413 2952 que
1433 2901 1648 2939 introieritis
1668 2902 1719 2938 ibi

1337 2963 1488 2997 manete
1509 2955 1633 2994 donec
1653 2955 1793 2994 exeatis

2320 183 2369 230 83

1873 310 1924 347 iN
1928 310 1976 348 de

2191 372 2255 393 110ss

1874 407 1958 444 ¹¹Et
1978 407 2208 456 quicumque
2229 418 2315 444 rece

1873 461 1969 511 perit
1989 472 2060 498 uos
2080 473 2204 510 neque
2225 460 2336 498 audie

1873 516 1947 551 rint
1966 526 2037 552 uos
2058 521 2242 552 exeuntes

1874 568 1961 605 inde
1981 568 2144 605 excutite
2167 568 2282 616 pulue

1873 634 1954 659 rem
1975 622 2020 658 de
2041 621 2202 670 pedibus

1874 675 2009 712 uestris
2029 676 2068 712 in
2087 675 2278 712 testimoni

1874 740 1941 765 um
1962 728 2033 765 illis

1875 780 1956 818 ¹²Et
1976 788 2157 819 exeuntes
2178 781 2305 829 praedi

1874 836 2012 873 cabant
2031 841 2070 872 ut
2090 835 2328 883 penitentia-

1874 895 2032 939 agerent
2106 888 2176 925 13et
2196 889 2315 926 multa

1874 943 2055 980 demonia
2076 942 2265 980 eiciebant

1874 1003 1911 1034 et
1931 1004 2145 1045 unguentes
2166 996 2252 1033 oleo

1873 1050 2010 1088 multos
2030 1062 2165 1099 aegros
2185 1062 2278 1087 sana

1873 1111 2008 1141 uerunt
2278 1101 2368 1155 [rex

1874 1158 2007 1194 XCIII14
2023 1157 2067 1194 E
2065 1162 2080 1194 t
2091 1157 2213 1194 audl'z'l
2224 1157 2369 1194 herodes

1873 1212 2154 1248 manifestatum
2175 1211 2265 1248 eni*

1873 1265 1991 1303 fuerat
2011 1265 2061 1301 illi
2082 1277 2226 1301 nomen

1873 1320 1926 1357 eis
1946 1327 1983 1356 et
2003 1319 2182 1356 dicebant
2200 1318 2305 1367 quod

1872 1372 2048 1410 iohannis
2069 1372 2232 1420 baptista
2253 1384 2316 1409 sur

1872 1427 2025 1463 rexitset
2045 1438 2067 1463 a
2085 1426 2245 1462 mortuis

1872 1486 1909 1517 et
1928 1480 2015 1517 ideo
2035 1480 2190 1516 uirtutes
2212 1480 2250 1516 in
2270 1479 2293 1516 il

1871 1533 1908 1571 lo
1928 1534 2140 1571 efficiuntur
2178 1533 2273 1570 15alii

1871 1594 2000 1625 autem
2020 1587 2197 1625 dicebant
2233 1586 2338 1637 quod

1873 1673 2006 1711 Helias
2026 1673 2129 1710 uenit
2185 1673 2245 1710 alii
2263 1685 2311 1711 ue

1872 1740 1914 1765 ro
1935 1727 2039 1777 quod
2060 1739 2156 1765 unus
2178 1727 2224 1764 de
2245 1739 2316 1777 pro

1871 1781 1994 1829 phetis

1871 1834 2024 1881 ¹⁶Quod
2048 1834 2178 1872 audito
2201 1834 2366 1873 herodes

1870 1888 1965 1926 dixit
2002 1901 2118 1938 quem
2138 1901 2211 1937 ego
2232 1888 2279 1926 de

1870 1943 2006 1980 collaui
2028 1942 2087 1979 hic
2108 1948 2163 1980 est
2183 1942 2299 1980 iohan

1870 1997 1929 2034 nis
1948 1995 2008 2034 hic
2029 1996 2229 2034 resurrexit

1868 2062 1891 2087 a
1910 2050 2070 2087 mortuis

1868 2103 1990 2153 17Ipse
2010 2104 2111 2141 enirn
2136 2103 2289 2141 herodis
2312 2104 2366 2140 mi

1869 2157 1915 2195 sit
1935 2164 1972 2194 et
1991 2157 2110 2194 tenuit
2131 2157 2331 2195 iohanne-

1868 2217 1906 2248 et
1925 2211 2107 2260 adligauit
2126 2224 2216 2248 eum
2236 2218 2274 2248 et

1868 2265 1969 2302 misit
1989 2265 2028 2301 in
2049 2277 2238 2302 carcerem

1867 2326 2023 2368 propter
2042 2318 2278 2356 herodiade*

1867 2385 2028 2410 uxorem
2049 2372 2208 2421 philippi
2226 2372 2281 2410 fra.

1867 2427 1933 2464 tris
1953 2427 2010 2463 sui
2031 2426 2135 2475 quod
2155 2438 2240 2464 eam
2260 2438 2338 2465 uxo

1867 2492 1948 2517 rem
1969 2480 2137 2517 duxisset

1867 2533 2063 2571 ¹⁸Dicebat
2082 2534 2184 2571 enim
2204 2533 2337 2571 herodi

1866 2587 2054 2625 iohannes
2074 2599 2153 2628 non
2173 2587 2260 2625 licet

1865 2641 1931 2678 tibi
1951 2641 2090 2678 habere
2110 2653 2271 2679 uxorem

1865 2694 1985 2732 fratris
2006 2695 2058 2732 tui
2131 2695 2159 2715 ¹⁹
2171 2695 2264 2733 hero

1866 2748 1933 2786 des
1953 2755 2082 2786 autem
2102 2749 2289 2787 insidiaba

1866 2809 1926 2840 tur
1945 2802 1997 2839 illi
2017 2809 2054 2841 et
2073 2804 2281 2852 quaerebat

1864 2856 2037 2894 occidere
2056 2857 2162 2894 illum
2183 2864 2220 2894 et

1865 2922 1943 2950 non
1964 2918 2111 2961 poterat
2131 2910 2327 2949 ²⁰her0des
