2504 3382
186 195 238 233 90

186 271 267 300 1¹01„
283 271 358 302 177.

187 313 339 350 Pullum
359 317 396 349 et
415 311 546 350 dicetis
566 311 644 349 dfio

187 366 421 404 necessarius
441 373 496 402 est
515 372 552 403 et

187 420 370 457 continuo
391 419 551 456 dimittet

187 473 293 510 illum
312 473 384 510 hoc

186 527 257 564 ⁴Et
277 528 459 564 abeuntes
478 525 616 562 inuene

187 587 275 617 runt
294 580 440 628 pullum
460 579 608 628 ligatu-

187 641 274 671 ante
293 634 448 670 ianuam
469 633 559 670 soris

184 687 225 724 in
245 687 444 724 transitum
464 693 500 724 et
519 686 626 723 solue

187 748 273 777 runt
293 753 382 777 eum

187 794 256 831 ⁵Et
276 794 432 843 quidam
452 793 497 830 de
517 793 661 831 circum

188 849 375 885 stantibus
396 848 460 897 qui
480 855 587 884 erant

188 902 240 938 ibi
296 902 469 938 dixerunt
489 901 543 938 eis

187 955 280 1004 quid
300 955 417 991 facitis
439 955 572 991 soluen

186 1015 242 1046 tes
262 1009 408 1057 pullum
465 1008 548 1056 ⁶qui
569 1007 606 1043 di

187 1069 324 1099 xerunt
345 1062 438 1099 sicut
457 1061 601 1098 dixerat

187 1116 258 1152 illis
278 1115 335 1152 ihs

187 1169 256 1206 ⁷Et
275 1169 527 1217 permiserunt
545 1167 616 1204 illis

187 1223 326 1260 ducere
346 1222 493 1271 pullum
512 1222 561 1259 ad

188 1277 267 1313 ihm
296 1283 331 1313 et
350 1277 540 1325 inponunt
559 1276 583 1312 il

188 1330 214 1367 li
233 1331 459 1367 uestimenta

188 1383 239 1420 Et
259 1384 353 1421 sedit
374 1395 489 1432 supra
508 1383 615 1420 illum

188 1437 315 1474 Smulti
335 1444 462 1474 autem
482 1437 576 1474 uesti

189 1498 320 1528 menta
340 1503 408 1528 sua
430 1497 555 1528 sterne

188 1546 281 1582 bant
300 1545 337 1581 in
358 1545 460 1581 uiam
498 1544 558 1581 alii

188 1631 295 1669 Uero
315 1643 442 1669 ramos
464 1631 556 1669 cede

189 1687 281 1723 bant
302 1685 349 1722 de
369 1686 569 1723 arboribus

189 1746 226 1777 et
247 1740 464 1776 sternebant
486 1740 523 1775 in
544 1740 634 1776 uia-

188 1793 259 1830 ⁹Et
278 1793 340 1842 qui
360 1794 534 1842 preibant
565 1800 602 1830 et

189 1848 257 1896 qui
277 1848 530 1896 sequebantur
548 1846 605 1884 cla

189 1901 347 1938 mabant
381 1900 574 1938 1⁰benedic

189 1961 250 1991 tus
273 1955 337 2004 qui
356 1955 459 1991 uenit
479 1955 517 1990 in
538 1967 590 1992 no

191 2008 294 2045 mine
316 2009 379 2045 dni
417 2008 576 2045 benedic

189 2068 271 2099 tum
293 2062 397 2111 quod
416 2063 518 2098 uenit
538 2074 605 2110 reg

191 2127 285 2152 num
306 2115 421 2164 patris
442 2116 561 2152 nostri

191 2169 307 2206 dauid
327 2181 495 2206 ossanna
515 2170 552 2205 in
573 2182 620 2206 ex

191 2223 300 2260 celsis

192 2285 275 2312 XXX
280 2285 301 2311 C
309 2275 333 2296 ¹¹
342 2275 398 2312 Et
410 2288 489 2313 cum
505 2277 690 2313 introisset

189 2330 449 2379 hierosolyma
467 2330 506 2366 in
525 2336 594 2367 te-

191 2384 258 2433 plo
277 2384 545 2432 circumspexit
565 2390 622 2421 o'

191 2438 255 2475 nia
274 2449 361 2475 cum
381 2438 458 2474 iam
478 2438 526 2474 ad
546 2449 614 2474 ues

191 2503 284 2540 pera
303 2498 401 2529 esset
422 2492 515 2529 hora
535 2491 625 2528 exiit

192 2545 232 2582 in
253 2545 470 2583 bethaniam
489 2557 578 2583 cum

194 2599 398 2636 duodecim

194 2651 278 2689 ¹2Et
297 2653 369 2690 alia
389 2652 448 2689 die
467 2664 556 2689 curn
576 2652 655 2689 exis

196 2712 253 2742 set
272 2717 293 2741 a
312 2705 530 2742 bethaniam

196 2759 325 2795 esuriit
343 2758 414 2796 ¹³et
432 2771 519 2795 cum
539 2759 636 2796 uidis

198 2819 282 2849 sent
302 2824 323 2848 a
342 2811 457 2860 longe
477 2813 591 2849 ficum

198 2865 402 2903 habentem
421 2864 551 2902 foliam

493 182 537 220 E
539 182 607 220 UA
615 181 744 220 NGE
741 182 809 219 LI
809 181 901 220 UM

713 310 831 349 Uenit
851 311 978 348 uidere
999 311 1029 348 si
1049 310 1141 361 quid

714 372 811 402 esset
832 365 870 402 in
892 377 976 402 eam
1022 372 1060 402 et
1081 365 1119 401 ni

714 418 766 455 hil
785 419 930 455 inuenit
949 419 1022 456 nisi
1042 418 1132 455 folia

715 484 794 509 non
816 472 919 509 enim
940 479 1018 509 erat
1037 478 1116 509 tem

714 537 786 574 pus
806 526 948 563 ficuum
973 527 1044 562 14et
1064 526 1114 562 ait
1133 525 1167 562 ei

714 580 791 616 iam
812 592 890 617 non
909 579 1072 628 amplius
1092 580 1131 616 in

714 640 909 671 aeternum
930 634 1125 682 quisqua—

712 699 760 724 ex
781 694 815 724 te
834 687 997 724 fructum
1016 693 1112 723 ma·-

715 741 831 777 ducet

713 793 764 831 Et
783 794 986 831 audiebant
1008 793 1155 842 discipu

713 848 738 885 li
759 848 839 884 eius

713 901 797 937 ¹⁵Et
816 906 1001 937 uenerunt
1022 899 1160 936 iterum

713 954 968 1002 hierosolyma
987 959 1023 990 et
1043 965 1131 990 cum

715 1008 903 1045 introisset
924 1008 962 1043 in
982 1006 1159 1055 templu-

715 1069 751 1098 et
774 1062 900 1109 coepit
921 1061 1041 1097 eicere
1062 1072 1137 1097 uen

715 1115 847 1152 dentes
867 1121 901 1152 et
921 1122 1091 1151 ementes

715 1169 754 1205 in
775 1168 918 1217 templo
939 1175 976 1205 et
996 1178 1150 1205 mensas

715 1222 1058 1260 nummulariorum

717 1282 754 1313 et
773 1276 971 1313 cathedras
991 1288 1067 1312 uen

718 1330 889 1367 dentium
911 1329 1111 1366 columbas

717 1384 853 1421 euertit
891 1384 959 1420 ²⁶et
980 1395 1058 1420 non
1079 1383 1108 1419 si

718 1438 832 1475 nebat
855 1443 896 1473 ut
915 1437 1116 1486 quisquam

717 1491 935 1528 transferret
964 1502 1032 1527 uas

717 1557 784 1594 per
802 1545 987 1594 templum
1009 1544 1076 1581 1⁷et
1097 1543 1147 1580 do

718 1632 840 1670 Cebat
861 1631 931 1668 illis
952 1630 1081 1668 dicens

771 1686 953 1734 scriptum
973 1692 1029 1722 est
1050 1684 1143 1721 eni-

770 1739 909 1777 domus
929 1751 1015 1776 mea
1035 1738 1085 1775 do

771 1805 856 1829 mus
881 1793 1063 1829 orationis

748 1862 755 1866 ⁴
771 1846 969 1883 uocabitur
988 1858 1052 1883 om

773 1901 884 1937 nibus
905 1900 1082 1949 gentibus

772 1966 844 1991 uos
865 1961 993 1990 autem
1013 1953 1105 1990 fecis

771 2009 817 2045 tis
837 2008 938 2044 illam
959 2007 1094 2057 spelun

775 2073 860 2099 cam
881 2062 1071 2098 latronum

719 2114 869 2161 ¹⁸Quod
890 2115 1020 2152 audito
1041 2115 1202 2152 summis

720 2170 984 2207 sacerdotibus
1005 2176 1041 2206 et
1062 2169 1133 2206 scri

719 2223 790 2259 bae
811 2224 1044 2272 quaerebant
1065 2234 1142 2271 quo

719 2276 838 2314 modo
858 2277 965 2314 illum
984 2277 1100 2325 perde

719 2337 803 2367 rent

721 2383 930 2421 Timebant
950 2389 1078 2420 autem
1099 2391 1178 2420 eu-

720 2438 903 2487 quoniam
923 2438 1103 2474 uniuersa

718 2492 829 2528 turba
849 2491 1106 2528 admirabatur

719 2557 831 2594 super
851 2545 1060 2582 doctrinam
1082 2545 1162 2581 eius

721 2597 804 2636 19Εῖ
825 2610 913 2636 cum
933 2610 1092 2648 uespera
1112 2598 1170 2636 fac

721 2659 759 2690 ta
778 2660 876 2690 esset
896 2653 1099 2701 egredieba

723 2713 782 2743 tur
801 2706 847 2743 de
868 2707 1019 2744 ciuitate

723 2760 807 2797 2⁰Et
827 2772 915 2797 cum
936 2760 1110 2797 transiret
1130 2771 1194 2796 ma

723 2826 772 2851 ne
792 2814 970 2851 uiderunt
989 2815 1081 2851 arbo

724 2879 804 2904 rem
825 2868 885 2904 fici
903 2867 1075 2905 hasidam

1085 3002 1175 3027 xxt'l

1563 182 1672 222 SEC
1699 183 1968 223 MARCUM
2021 181 2090 236 [x1.
2111 197 2237 231 3.-x11.
2259 195 2293 232 5.

1277 268 1359 298 Fol.
1374 270 1452 301 178.

1278 311 1436 348 Factam
1457 323 1478 348 a
1497 311 1689 349 radicibus

1277 363 1347 402 ²¹et
1369 364 1590 402 recordatus
1610 373 1739 414 petrus

1278 418 1328 455 ait
1347 418 1399 454 illi
1428 419 1535 455 rabbi
1555 431 1644 456 ecce
1664 431 1706 456 ar

1279 472 1348 508 bor
1369 471 1428 508 fici
1449 472 1510 509 cui
1532 472 1672 509 maledi

1278 525 1364 562 xisti
1385 526 1480 562 aruit

1277 578 1359 615 22Et
1378 577 1613 627 respondens
1633 578 1690 615 ihs
1711 579 1762 616 ait

1276 631 1346 669 illis
1367 631 1503 670 habete
1524 633 1562 668 in
1582 633 1693 669 uobis

1276 686 1391 723 fidem
1410 685 1450 723 di
1515 686 1665 723 23amen
1685 685 1723 722 di

1277 752 1323 776 co
1343 740 1455 776 uobis
1477 740 1660 789 quoniam
1682 740 1747 788 qui

1277 805 1443 842 cumque
1464 793 1600 830 dixerit
1620 793 1708 830 huic

1278 847 1400 883 monti
1420 847 1551 883 tollere
1573 854 1609 884 et
1629 847 1697 884 mit

1277 907 1354 937 tere
1374 901 1412 936 in
1433 912 1540 937 mare
1560 907 1597 937 et
1621 912 1701 937 non

1277 953 1495 991 hesitauerit
1517 955 1554 990 in
1576 954 1692 992 corde

1278 1019 1347 1044 suo
1369 1008 1437 1044 sed
1456 1007 1656 1046 crediderit

1278 1061 1446 1098 futurum
1467 1061 1530 1098 fiet
1551 1061 1657 1110 quod

1278 1127 1445 1164 cumque
1466 1116 1601 1152 dixerit

1279 1168 1518 1217 2⁴Pr0pterea
1538 1169 1624 1206 dico
1645 1167 1756 1205 uobis

1279 1224 1409 1259 omnia
1429 1234 1670 1272 quecumque

1280 1277 1394 1313 oratis
1414 1285 1450 1313 et
1471 1277 1596 1326 petitis
1617 1288 1679 1313 cre

1280 1330 1354 1367 dite
1375 1331 1559 1379 quoniam
1580 1329 1663 1366 adci

1280 1384 1389 1432 pietis
1409 1391 1445 1421 et
1465 1384 1534 1421 erit
1554 1383 1664 1420 uobis

1279 1437 1307 1458 ²³
1318 1438 1367 1474 Et
1388 1449 1476 1475 curn
1492 1438 1596 1474 statis
1612 1436 1661 1473 ad
1678 1448 1773 1473 oran

1279 1490 1373 1528 dum
1402 1491 1571 1528 dimittite
1593 1491 1623 1527 si
1643 1490 1735 1538 quid

1280 1545 1427 1582 habetis
1449 1556 1607 1582 auersus
1628 1544 1675 1581 ali

1281 1629 1410 1676 Quem
1429 1637 1470 1667 ut
1490 1636 1527 1667 et
1547 1636 1653 1679 pater
1672 1641 1740 1666 ues

1279 1691 1334 1721 ter
1354 1684 1419 1733 qui
1440 1684 1477 1720 in
1499 1685 1589 1721 celis
1609 1690 1666 1721 est
1685 1683 1723 1721 di

1280 1738 1403 1774 mittat
1423 1738 1557 1774 delicta
1578 1749 1645 1774 ues

1280 1798 1336 1828 tra
1481 1791 1617 1840 26quod
1638 1791 1669 1828 si

1283 1857 1352 1882 uos
1374 1857 1452 1882 non
1472 1846 1659 1883 remittitis

1282 1911 1352 1936 nec
1372 1907 1479 1948 pater
1499 1906 1624 1936 uester
1643 1898 1708 1948 qui

1282 1954 1322 1989 in
1341 1953 1431 1989 celis
1452 1960 1508 1990 est
1529 1953 1692 1990 remittet

1283 2006 1395 2043 uobis
1416 2014 1576 2055 peccata
1596 2012 1724 2044 uestra

1284 2069 1409 2096 XXXH
1426 2060 1516 2097 27Εἴ
1529 2062 1629 2097 uenit
1645 2073 1781 2098 rursus

1704 2111 1782 2166 [hie

1284 2167 1476 2217 rosolyma
1495 2174 1531 2205 et
1552 2180 1641 2206 cum

1285 2222 1542 2259 deambularet
1562 2222 1600 2258 in
1621 2229 1687 2259 te*

1284 2276 1348 2325 plo
1368 2282 1553 2312 uenerunt
1572 2275 1621 2312 ad
1641 2283 1716 2313 eu*

1286 2330 1466 2378 principis
1488 2329 1645 2366 sacerdo

1285 2390 1367 2420 tum
1386 2390 1421 2420 et
1443 2383 1588 2420 scribae
1609 2390 1645 2420 et
1666 2394 1706 2420 se

1285 2437 1410 2474 niores
1474 2437 1545 2473 2‘³et
1565 2436 1696 2473 dicunt

1286 2491 1336 2527 illi
1356 2491 1396 2526 in
1417 2502 1493 2539 qua
1512 2497 1699 2539 potestate

1285 2543 1379 2581 haec
1399 2544 1492 2581 sacis
1512 2551 1547 2580 et
1567 2544 1650 2593 quis
1671 2545 1697 2581 ti

1285 2599 1323 2635 bi
1343 2597 1441 2635 hanc
1460 2604 1686 2647 potestatem

1288 2651 1392 2688 dedit

1285 2705 1385 2742 2⁹1hs
1401 2712 1527 2742 autem
1543 2704 1782 2754 respondens

1287 2760 1336 2796 ait
1355 2759 1425 2796 illis
1444 2760 1638 2808 interrogo

1287 2825 1358 2850 uos
1381 2820 1418 2850 et
1437 2825 1511 2862 ego
1532 2825 1651 2850 unum
1670 2824 1738 2850 uer

1287 2868 1381 2904 bum
1402 2867 1627 2916 respondete
1647 2867 1700 2903 mi

1289 2920 1326 2957 hi
1348 2927 1384 2957 et
1405 2933 1478 2968 ego
1499 2921 1623 2957 dicam
1643 2920 1755 2957 uobis

1804 313 1851 351 In
1871 325 1947 363 qua
1966 320 2152 363 potestate
2173 313 2267 352 haec

1805 367 1904 404 facio

1804 420 1832 440 ³⁰
1841 419 2082 469 Baptismum
2102 420 2219 458 iohan

1805 474 1864 510 nis
1884 474 1930 511 de
1950 474 2055 511 caelo
2075 481 2131 512 est
2151 486 2200 511 an

1805 539 1853 564 ex
1874 527 2094 565 hominibus
2114 540 2175 565 res

1806 580 1973 628 pondete
1992 581 2085 618 mihi

1806 633 1900 669 ³¹Illi
1919 646 2011 671 uero
2030 635 2246 684 cogitabant

1809 686 1857 723 ad
1878 687 2043 724 inuicem
2064 689 2174 726 dicen

1807 748 1863 777 tes
1884 740 1974 789 quid
1994 741 2028 778 ei
2048 741 2237 790 responde

1808 805 1895 831 mus
1934 794 1965 830 si
1985 794 2191 832 dixerimus

1808 847 1855 884 de
1874 848 1980 885 caelo
2000 848 2100 885 dicet
2119 860 2172 886 no

1807 901 1866 938 bis
1886 913 2004 950 quare
2025 913 2103 938 non
2123 914 2186 939 cre

1808 955 1954 992 didistis
1972 955 2007 992 ei
2026 955 2090 992 3²si
2110 962 2239 992 autem

1807 1008 2014 1046 dixerimus
2034 1021 2081 1046 ex
2102 1009 2208 1046 homi

1806 1062 1918 1099 nibus
1938 1062 2116 1100 timemus
2135 1075 2187 1112 po

1807 1115 1943 1165 pulum
1981 1128 2116 1153 omnes
2137 1116 2230 1153 eni·-

1808 1170 1978 1207 sciebant
1996 1169 2205 1207 iohannem

1808 1235 1897 1260 uere
1917 1223 2146 1272 prophetam
2166 1235 2207 1261 es

1808 1289 1848 1314 se
1867 1277 1938 1314 ³³et
1957 1277 2237 1326 responderunt

1807 1330 1856 1368 ad
1876 1330 1955 1367 ihm
1975 1331 2146 1368 dicentes
2166 1343 2235 1368 nes

1808 1385 1932 1421 cimus

1807 1437 1858 1474 Et
1876 1436 2072 1486 respondit
2093 1437 2150 1474 ihs
2171 1437 2222 1475 ait

1808 1491 1878 1528 illis
1898 1503 2024 1540 neque
2045 1503 2119 1539 ego
2140 1491 2178 1528 di

1809 1557 1856 1582 co
1876 1545 1986 1582 uobis
2007 1545 2045 1581 in
2066 1556 2143 1593 qua
2162 1556 2214 1594 po

1809 1629 1965 1668 Testate
1985 1629 2079 1668 haec
2099 1629 2199 1668 facio

1810 1693 1952 1720 xxxwr
1971 1684 2094 1722 12¹El
2115 1685 2227 1733 coepit
2247 1683 2306 1721 ihs

2134 1736 2191 1790 [in
2202 1745 2307 1787 para

1811 1792 1909 1830 bolis
1929 1791 2034 1841 loqui
2054 1791 2124 1828 illis
2162 1792 2252 1829 uine

1811 1858 1875 1884 am
1897 1846 2100 1894 pastinauit
2120 1845 2238 1884 homo

1812 1906 1849 1937 et
1869 1899 2117 1937 circumdedit
2137 1907 2258 1948 sepe-

1813 1961 1849 1990 et
1870 1953 1963 1990 fodit
1983 1953 2147 1990 torcular
2166 1960 2202 1990 et

1813 2007 2028 2044 aedificauit
2046 2013 2188 2043 turrem

1813 2069 1851 2098 et
1869 2061 2008 2098 locauit
2029 2072 2115 2097 eam
2135 2060 2220 2098 colo

1814 2115 1872 2152 nis
1894 2122 1931 2152 et
1950 2114 2101 2163 pelegre
2121 2114 2252 2163 profec

1814 2176 1874 2206 tus
1894 2175 1951 2205 est

1814 2222 1884 2259 2Et
1904 2222 2004 2259 misit
2024 2221 2072 2258 ad
2092 2221 2253 2259 colonos

1813 2275 1852 2313 in
1874 2283 2047 2324 tempore
2066 2286 2201 2312 seruus

1812 2335 1855 2367 ut
1875 2329 2007 2366 darent
2025 2329 2076 2365 illi
2095 2341 2143 2366 ex
2163 2329 2201 2365 ui

1813 2395 1887 2421 nea
1907 2382 2070 2420 fructum
2108 2382 2165 2419 3et
2184 2382 2233 2419 ad

1813 2436 2047 2486 prehensum
2067 2448 2157 2473 eum

1815 2490 2034 2528 ceciderunt
2055 2497 2092 2527 et
2113 2490 2166 2526 mi

1814 2551 1944 2581 serunt
1963 2555 2130 2581 uacuum
2153 2543 2202 2581 ad

1815 2610 1906 2635 eum
2050 2598 2105 2634 4et
2125 2598 2174 2634 ite

1816 2663 1902 2689 rum
1922 2651 2022 2688 misit
2041 2650 2090 2688 ad
2108 2651 2192 2688 illos

1817 2705 1934 2743 alium
1954 2715 2107 2742 seruum
2126 2711 2163 2740 et

1816 2759 1922 2796 illum
1943 2759 1981 2793 in
2002 2758 2125 2805 capite
2145 2757 2211 2793 uul

1817 2817 2046 2849 nerauerunt
2084 2817 2120 2847 et

1815 2864 2054 2903 contumeliis
2076 2863 2162 2900 adfe

1817 2925 1948 2955 cerunt
2029 2918 2086 2955 ⁵et
2106 2918 2222 2955 alium
