2504 3382
281 195 306 220 1.
327 194 438 227 40—11.
461 178 535 233 24]

285 269 367 299 1⁸01.
383 270 442 299 45.

285 311 397 348 Unus
421 323 467 348 ex
488 310 605 349 duob·
626 311 689 360 qui
714 324 761 350 au

284 365 430 402 dierant
450 366 498 402 ab
518 365 683 402 iohanne

283 426 321 455 et
340 419 456 455 secuti
476 426 584 456 erant
604 427 679 456 eu-

285 471 472 510 ⁴¹Inuenit
492 472 552 510 hic
571 474 737 522 primum

284 526 436 562 fratrem
457 538 567 563 suum
589 528 686 564 simo

284 591 373 616 nem
394 586 430 617 et
450 580 538 617 dicit
557 581 590 617 ei
613 581 700 618 inue

284 633 410 670 nimus
430 634 609 671 messiam
630 634 733 683 quod

283 693 338 723 est
358 687 670 735 interpraetatum

283 743 357 788 xps
376 741 447 778 ‘¹²et
467 740 624 779 adduxit
644 754 732 779 eum

284 794 333 830 ad
353 794 430 830 ihm

284 846 448 885 Intuitus
469 855 596 886 autem
617 861 704 886 eum

284 901 342 938 ihs
363 901 456 938 dixit
476 909 516 939 tu
535 914 576 939 es
596 903 721 940 simon

284 955 381 992 filius
401 955 576 993 iohannis
594 962 632 993 tu
652 968 702 994 uo

283 1009 428 1046 caueris
449 1009 617 1057 chephas
637 1009 742 1059 quod

283 1062 573 1111 interpraetatur
592 1075 640 1112 pe

282 1121 362 1152 trus

283 1168 365 1205 ‘¹³In
386 1168 589 1206 crastinum
610 1175 726 1206 aute-

282 1222 403 1260 uoluit
422 1223 523 1260 exire
544 1223 581 1259 in
601 1222 676 1271 gali

282 1275 381 1312 leam
403 1282 439 1312 et
460 1276 708 1324 proficiscens

281 1329 427 1366 inuenit
446 1329 658 1379 philippum

282 1389 319 1420 et
339 1383 428 1420 dicit
448 1384 481 1420 ei
500 1383 557 1420 ihs
578 1395 719 1433 sequae

282 1449 322 1473 re
342 1449 404 1474 me

281 1490 410 1527 ⁴4Erat
434 1496 561 1528 autem
585 1490 778 1540 philippus

282 1556 304 1582 a
324 1544 506 1581 bedsaida
527 1544 574 1582 de
595 1545 707 1582 ciuita

283 1627 343 1666 Te
366 1628 530 1667 andreae
550 1637 586 1668 et
607 1631 701 1679 petri

282 1682 471 1720 ⁴⁵Inuenit
492 1684 685 1733 philippus

280 1736 481 1773 nathanael
500 1745 536 1774 et
556 1737 646 1775 dicit

281 1790 314 1826 ei
335 1802 449 1838 quem
471 1791 596 1829 scribit
616 1804 707 1840 moy

280 1854 340 1880 ses
360 1844 398 1879 in
419 1843 502 1893 lege
521 1852 558 1882 et
578 1845 684 1894 profe

279 1902 340 1933 tae
360 1897 576 1935 inuenirnus
596 1899 674 1936 ihm

279 1950 399 1987 filium
419 1951 552 2001 ioseph
573 1953 637 2002 qui

279 2011 336 2041 est
356 2016 378 2041 a
398 2006 576 2042 nazareth

279 2057 365 2094 ⁴⁶Et
386 2058 478 2095 dixit
499 2060 532 2096 ei
552 2059 755 2097 nathanael

279 2122 302 2148 a
323 2113 502 2149 nazareth
523 2120 649 2161 potest

279 2165 420 2213 aliquid
440 2167 532 2203 boni
553 2179 635 2204 esse

279 2217 381 2256 Dicit
400 2220 433 2256 ei
454 2219 645 2270 philippus
665 2232 711 2259 ue

279 2272 318 2308 ni
338 2280 374 2309 et
393 2274 481 2310 uide

278 2324 306 2345 ‘¹⁷
316 2325 463 2364 Uidens
483 2336 609 2365 autem
631 2328 688 2365 ihs

277 2379 481 2417 nathanael
500 2382 639 2418 uenie·'

278 2439 354 2469 tem
375 2434 423 2470 ad
444 2446 484 2471 se
506 2435 599 2472 dixit
619 2435 666 2473 de
686 2448 733 2474 eo

278 2497 368 2523 ecce
387 2498 477 2524 uere
498 2488 648 2526 istrahel

277 2539 329 2576 ita
347 2540 386 2576 in
408 2552 485 2589 quo
506 2541 616 2579 dolus
636 2550 715 2581 no*

277 2600 334 2630 est
475 2594 597 2632 ⁴⁸dicit
617 2596 649 2633 ei
671 2608 720 2633 na

276 2647 404 2684 tanael
425 2647 498 2685 ude
519 2661 580 2686 me
601 2661 672 2687 nos

275 2700 303 2736 ti
427 2703 619 2750 respondit
640 2704 673 2741 ei

275 2753 333 2791 ihs
353 2760 388 2791 et
409 2755 501 2792 dixit
521 2757 623 2805 prius
644 2765 747 2807 qua*

276 2813 313 2845 te
333 2807 525 2858 philippus
545 2818 699 2848 uocaret

277 2872 366 2898 cum
386 2874 487 2900 esses
509 2865 580 2902 sub
600 2866 694 2903 arbo

814 311 872 349 Re
893 312 988 350 ficus
1007 312 1083 350 uidi
1105 319 1142 351 te

811 366 839 386 4⁹
849 366 1063 415 Respondit
1083 367 1117 404 ei
1137 366 1251 404 natha

812 419 897 457 nael
917 426 953 457 et
973 421 1023 457 ait
1042 421 1149 458 rabbi

812 479 851 510 tu
872 485 912 510 es
932 474 1028 511 filius
1047 474 1086 511 di
1107 481 1148 511 tu
1167 487 1207 512 es

812 539 877 563 rex
898 527 1048 564 istrahel

811 580 839 600 ⁵⁰
848 580 1062 629 Respondit
1081 581 1139 618 ihs
1159 587 1195 618 et
1215 580 1308 618 dixit

811 635 844 671 ei
866 634 954 683 quia
974 634 1051 671 dixi
1071 635 1136 671 tibi
1156 634 1234 671 uidi

812 694 847 724 te
868 699 955 725 cum
975 700 1077 726 esses
1099 688 1170 725 sub
1189 700 1231 726 ar

812 742 904 778 bore
925 741 1017 778 ficus
1037 747 1193 790 propter

812 807 856 832 ea
876 795 996 832 credis
1016 796 1163 832 maiora

811 847 947 885 horum
967 848 1115 886 uidebis
1135 848 1206 886 ⁵¹et

812 902 900 939 dicit
919 902 973 939 eis
993 914 1106 939 amen
1125 909 1239 940 ame-

812 955 898 993 dico
917 956 1028 992 uobis
1048 956 1174 993 uidebi

810 1009 856 1046 tis
876 1009 1023 1046 caelum
1043 1016 1209 1059 apertu—

811 1069 848 1099 et
868 1063 1026 1110 angelos
1045 1063 1084 1100 di
1105 1070 1226 1101 asce-

811 1116 943 1152 dentes
964 1123 1001 1153 et
1020 1117 1160 1154 descen

812 1169 946 1206 dentes
968 1181 1083 1218 supra
1103 1170 1208 1207 filiu-

811 1222 973 1260 hon-:inis

813 1285 887 1311 ΙΙΙ]
899 1281 916 1311 2
925 1275 937 1295 ¹
949 1276 1007 1313 Et
1016 1277 1071 1313 die
1082 1278 1191 1314 tertia
1204 1278 1312 1326 nupti

812 1341 857 1366 ae
878 1329 998 1367 factae
1020 1338 1108 1368 sunt
1129 1331 1167 1367 in

813 1382 987 1420 chanaan
1007 1384 1116 1433 galile

812 1449 856 1473 ae
877 1445 914 1474 et
935 1445 1013 1475 erat
1032 1445 1153 1475 mater

811 1490 875 1527 ihu
896 1491 948 1528 ibi
970 1492 1128 1529 inuitata

811 1543 1002 1582 ²U0catus
1023 1552 1079 1583 est
1099 1552 1213 1583 aute*

812 1628 862 1667 Et
881 1630 938 1667 ihs
959 1636 995 1668 et
1014 1630 1187 1681 discipuli
1207 1632 1287 1670 eius

813 1683 861 1720 ad
882 1685 1032 1733 nuptias

811 1737 881 1775 ³Et
900 1738 1033 1775 uinum
1054 1750 1133 1776 non
1154 1739 1252 1777 habe

808 1791 899 1829 bant
920 1792 1102 1841 quoniam
1122 1798 1197 1830 co*

812 1853 1046 1882 summatum
1067 1854 1122 1883 est
1141 1846 1179 1883 ui

811 1910 906 1935 num
928 1901 1142 1948 nuptiarum

812 1951 901 1989 dicit
921 1960 1042 1990 mater
1062 1953 1124 1990 ihu
1146 1954 1185 1990 ui

811 2017 904 2042 num
925 2018 976 2043 no
995 2006 1138 2044 habent
1157 2007 1207 2044 fili

809 2060 868 2096 ‘et
889 2060 978 2097 dicit
999 2061 1032 2097 ei
1051 2061 1108 2098 ihs
1129 2061 1220 2110 quid

810 2112 901 2149 mihi
922 2120 958 2150 et
979 2114 1046 2152 tibi
1065 2121 1121 2152 est
1141 2127 1206 2152 mu

809 2167 877 2204 lier
897 2167 1071 2204 nondum
1091 2180 1138 2205 ue

810 2221 865 2257 nit
886 2220 979 2257 hora
1000 2233 1084 2259 mea

809 2274 929 2311 ⁵Dicit
950 2281 1068 2312 mater
1087 2275 1167 2313 eius
1187 2276 1240 2313 mi

809 2328 935 2364 nistris
956 2329 1151 2377 quodcum

808 2393 882 2429 que
903 2381 1021 2419 dixeri
1040 2383 1150 2420 uobis

809 2435 920 2472 facite

808 2488 949 2526 ‘⁵Erant
968 2496 1095 2526 autern
1115 2490 1166 2527 ibi
1186 2502 1237 2540 po

808 2543 901 2579 sitae
921 2542 1076 2591 hydriae
1097 2544 1171 2592 lapi

808 2596 900 2633 deae
923 2608 989 2634 sex
1010 2598 1207 2634 seeundu-

807 2649 1110 2698 purificationem

807 2703 1029 2740 iudaeorum
1050 2705 1136 2753 capi

807 2763 913 2794 entes
933 2757 1105 2805 singulae
1125 2770 1188 2795 me

807 2817 918 2849 tretas
940 2812 1049 2848 binas
1070 2812 1129 2849 uel
1150 2819 1206 2849 ter

807 2876 876 2902 nas
985 2865 1042 2902 ⁷et
1062 2866 1209 2904 uocatis

1376 272 1455 302 Fol.
1475 273 1536 302 46.

1376 315 1440 352 Ihs
1460 315 1639 352 ministris
1660 315 1748 353 dicit

1375 369 1429 406 eis
1450 369 1603 418 implete
1622 369 1772 418 hydrias

1375 434 1475 471 aqua
1638 429 1675 460 et
1695 423 1797 472 inple

1375 483 1512 512 uerunt
1532 488 1595 513 eas
1615 488 1738 526 usque

1376 528 1424 565 ad
1444 540 1637 566 summum

1375 582 1497 619 8Dicit
1517 583 1571 620 eis
1590 583 1660 621 ihs·
1681 583 1826 621 haurite

1376 647 1479 673 nunc
1498 643 1534 673 et
1553 636 1647 674 ferte
1667 638 1770 674 archi

1376 689 1536 726 triclinio
1557 695 1593 727 et
1614 689 1785 728 fecerunt

1376 743 1472 780 sicut
1492 743 1585 780 dixit
1603 743 1673 781 illis

1375 796 1446 833 ⁹Ut
1466 804 1593 834 autem
1612 798 1777 846 gustauit

1375 850 1662 888 architriclinius

1375 916 1515 953 aquarn
1535 905 1667 941 uinum
1687 903 1745 942 fac

1376 964 1455 994 turn
1476 970 1554 995 non
1575 958 1716 996 sciebat

1374 1011 1475 1048 unde
1496 1011 1637 1049 factum
1656 1018 1754 1050 esset

1375 1065 1536 1102 ministri
1555 1073 1683 1102 autem

1377 1118 1546 1155 sciebant
1565 1119 1628 1168 qui
1649 1118 1724 1156 hau

1376 1172 1514 1209 rierant
1535 1184 1673 1221 aquam

1377 1225 1502 1263 Uocat
1523 1229 1728 1274 sponsusm
1748 1238 1790 1263 ar

1377 1279 1620 1317 chitriclinius
1641 1279 1711 1316 l⁰et
1730 1279 1768 1316 di

1377 1333 1424 1370 cit
1445 1333 1478 1369 ei
1561 1333 1687 1370 omnis
1708 1333 1826 1371 homo

1377 1387 1541 1435 primum
1562 1388 1708 1424 bonum

1376 1440 1508 1476 uinum
1530 1441 1636 1489 ponit
1658 1461 1666 1469 ·
1687 1446 1724 1478 et
1743 1448 1820 1478 cu*

1377 1494 1549 1531 inebriati
1570 1494 1692 1530 fierint

1377 1547 1415 1584 id
1435 1548 1539 1596 quod
1559 1548 1722 1585 deterius

1376 1633 1458 1671 Est·
1479 1639 1519 1671 tu
1537 1646 1630 1671 uero
1651 1646 1778 1672 seruas

1377 1688 1403 1724 ti
1423 1689 1568 1724 bonum
1588 1688 1721 1725 uinum

1377 1753 1499 1790 usque
1519 1741 1643 1779 adhuc

1378 1793 1501 1832 11Hoc
1521 1794 1606 1832 fecit
1626 1795 1775 1832 initium
1796 1794 1854 1845 sig

1378 1860 1515 1885 norum
1534 1849 1591 1885 ihs
1611 1849 1648 1885 in
1669 1861 1792 1886 canan

1377 1902 1535 1950 galileae
1555 1909 1591 1940 et
1615 1903 1774 1940 manifes

1377 1956 1468 1992 tauit
1488 1956 1648 2005 gloriam
1669 1968 1778 1994 suam

1375 2015 1411 2046 et
1431 2010 1669 2047 crediderunt
1688 2011 1727 2046 in

1375 2075 1462 2099 eum
1484 2063 1656 2113 discipuli
1677 2064 1757 2101 eius

1375 2116 1486 2154 ¹²Pos
1501 2117 1575 2155 hoc
1589 2117 1785 2155 descendit
1798 2116 1870 2155 cha

1374 2170 1588 2219 pharnaum
1610 2171 1691 2220 ipse
1711 2176 1748 2208 et
1768 2183 1831 2209 ma

1374 2232 1428 2261 ter
1448 2224 1526 2261 eius
1547 2231 1584 2262 et
1603 2224 1734 2262 fratres
1755 2226 1835 2262 eius

1374 2284 1409 2314 et
1430 2278 1481 2315 ibi
1500 2285 1722 2316 manserunt
1742 2286 1821 2317 no‘

1374 2331 1516 2369 multus
1536 2331 1617 2369 dies

1376 2385 1425 2420 [2¹⁸
1434 2385 1490 2422 Et
1494 2392 1605 2434 prope
1615 2390 1699 2423 erat
1701 2386 1869 2435 phascha

1372 2438 1570 2476 iudeorum
1591 2446 1627 2477 et
1647 2452 1762 2477 ascen

1372 2492 1425 2530 dit
1446 2493 1689 2531 hierosolima
1710 2494 1767 2531 ihs

1371 2546 1442 2583 ¹⁴et
1462 2547 1606 2584 inuenit
1625 2548 1664 2584 in
1684 2547 1827 2597 templo

1370 2600 1579 2638 uendentes
1600 2601 1720 2638 boues
1739 2609 1777 2639 et

1371 2665 1464 2690 oues
1484 2660 1521 2691 et
1540 2654 1725 2692 colunbas

1370 2714 1406 2744 et
1426 2708 1701 2745 nummularios
1721 2720 1761 2746 se

1369 2760 1502 2798 dentes
1522 2761 1592 2799 ¹⁵et
1613 2761 1699 2799 fecit
1719 2763 1827 2812 quasi

1370 2814 1561 2863 flagellum
1582 2815 1629 2853 de
1649 2824 1745 2854 reste

1369 2876 1405 2905 et
1425 2880 1561 2907 omnes
1580 2869 1689 2908 eiecit
1709 2870 1755 2908 de
1771 2878 1848 2909 tem

2347 206 2395 243 23

1903 317 1973 356 Plo
1995 339 2002 348 ·
2024 320 2117 357 obes
2133 333 2250 371 quoq·
2272 328 2308 359 et
2327 322 2379 360 bo

1902 384 1971 410 ues
1991 379 2028 410 et
2048 375 2276 412 nummulari

1903 438 2012 463 orum
2032 427 2164 465 effudit
2183 441 2248 466 eas

1903 486 1941 517 et
1961 492 2115 518 mensas
2136 482 2320 519 subuertit

1903 533 1974 570 ¹⁶et
1994 534 2052 571 his
2072 535 2136 584 qui
2156 535 2376 573 uendebant

1903 587 2103 625 columbas
2123 589 2216 626 dixit
2236 601 2283 626 au

1903 639 1996 677 ferte
2015 642 2085 678 ista
2103 641 2192 679 hinc
2235 650 2271 680 et
2291 655 2344 680 no

1902 693 1967 730 lite
1987 693 2109 732 facere
2128 695 2288 733 domum

1904 748 2019 795 patris
2040 750 2115 784 mei
2135 748 2294 786 domum

1904 801 2168 849 negotiationis

1904 853 1986 891 ¹⁷Et
2006 856 2246 893 rememorati
2266 863 2353 894 sunt

1903 907 2079 957 discipuli
2098 909 2178 947 eius
2197 909 2287 959 quia

1903 962 2083 1011 scriptum
2103 970 2160 1001 est
2225 963 2327 1001 zelus

1904 1015 2043 1053 domus
2063 1023 2149 1054 tuae
2169 1029 2280 1055 come

1904 1069 1957 1105 dit
1977 1081 2040 1106 me

1903 1122 2238 1172 1⁸Resp0nderunt
2258 1137 2352 1174 ergo

1905 1176 2029 1213 iudaei
2049 1184 2085 1214 et
2104 1177 2281 1216 dixerunt

1905 1230 1938 1267 ei
1959 1231 2062 1279 quod
2083 1231 2234 1279 signum
2254 1243 2299 1269 os

1903 1283 2027 1320 tendis
2047 1285 2159 1322 nobis
2179 1286 2269 1335 quia

1905 1337 1998 1374 haec
2018 1337 2109 1375 facis

1904 1390 1931 1411 ¹⁹
1941 1390 2156 1440 Respondit
2176 1392 2234 1430 ihs
2254 1399 2290 1431 et
2305 1393 2399 1431 dixit

1904 1444 1958 1481 eis
1979 1445 2112 1482 soluite
2130 1447 2313 1495 templum

1904 1497 1978 1536 hoc
1999 1499 2037 1535 in
2057 1500 2175 1537 tribus
2195 1500 2328 1539 diebus

1904 1552 2082 1590 excitabo
2102 1553 2194 1591 illud

1902 1638 2126 1677 ²⁰Dixerunt
2145 1651 2235 1689 ergo
2256 1640 2382 1679 iudaei

1903 1693 2154 1742 quadraginta
2173 1701 2210 1731 et
2230 1706 2295 1732 sex

1904 1746 2015 1784 annis
2035 1747 2271 1785 aedificatum

1902 1806 1958 1837 est
1978 1801 2163 1849 templum
2183 1801 2256 1839 hoc
2295 1808 2332 1839 et

1903 1859 1944 1890 tu
1963 1853 2002 1890 in
2021 1855 2138 1891 tribus
2157 1855 2291 1892 diebus
2311 1868 2359 1893 ex

1903 1907 2035 1945 citabis
2055 1907 2145 1945 illud
2200 1908 2294 1946 2¹ille

2261 1960 2394 2015 [aute-

1903 2013 2054 2052 dicebat
2073 2014 2120 2052 de
2140 2016 2286 2065 templo

1903 2069 2074 2117 corporis
2094 2069 2149 2106 sui

1901 2120 1928 2142 ²²
1938 2121 2037 2159 Cum
2058 2135 2151 2171 ergo
2175 2124 2379 2161 resurrexis

1903 2182 1959 2213 set
1979 2188 2002 2213 a
2020 2177 2177 2214 mortuis
2197 2189 2302 2215 reme

1902 2229 2039 2266 morati
2060 2237 2145 2267 sunt
2165 2230 2338 2280 discipuli

1900 2283 1981 2320 eius
2001 2283 2090 2332 quia
2109 2283 2183 2321 hoc
2204 2284 2351 2321 dicebat

1900 2343 1936 2374 et
1957 2337 2196 2375 crediderunt
2216 2339 2315 2387 scrip

1900 2396 2005 2428 turae
2026 2397 2062 2427 et
2082 2391 2246 2428 sermoni
2268 2398 2370 2441 que·

1901 2443 1996 2481 dixit
2015 2444 2072 2481 ihs

1898 2497 1925 2518 2⁸
1935 2497 2033 2534 Cum
2054 2503 2181 2535 autem
2200 2505 2299 2536 esset
2319 2498 2378 2536 ihs

1898 2551 1936 2587 in
1956 2551 2203 2590 hierosolimis
2224 2553 2262 2589 in
2282 2564 2353 2601 pas

1899 2605 1971 2642 cha
1989 2607 2028 2641 in
2048 2605 2106 2642 die
2128 2605 2223 2643 festo
2242 2606 2322 2643 mul

1898 2658 1925 2695 ti
1945 2659 2185 2696 crediderunt
2206 2660 2243 2697 in
2264 2671 2316 2697 no

1898 2712 2000 2750 mine
2021 2713 2100 2750 eius
2120 2713 2292 2751 uidentes

1898 2766 2008 2814 signa
2028 2767 2107 2804 eius
2127 2778 2226 2816 quae
2246 2767 2343 2805 facie

1896 2820 1962 2857 bat

1896 2874 1922 2894 ²⁴
1931 2872 2021 2922 Ipse
2034 2880 2159 2911 autem
2173 2873 2230 2911 ihs
2242 2886 2320 2912 non
2329 2887 2391 2913 cre

1897 2926 2010 2965 debat
2030 2928 2277 2977 semetipsum
