<?xml version="1.0" encoding="UTF-8"?>
<!DOCTYPE html PUBLIC "-//W3C//DTD XHTML 1.0 Transitional//EN"
    "http://www.w3.org/TR/xhtml1/DTD/xhtml1-transitional.dtd">
<html xmlns="http://www.w3.org/1999/xhtml" xml:lang="en" lang="en">
 <head>
  <title>
</title>
<meta http-equiv="Content-Type" content="text/html;charset=utf-8" />
  <meta name='ocr-system' content='tesseract 3.04.00' />
  <meta name='ocr-capabilities' content='ocr_page ocr_carea ocr_par ocr_line ocrx_word'/>
</head>
<body>
  <div class='ocr_page' id='page_1' title='image "./fourgospelsfromc00buchuoft_0074.png"; bbox 0 0 2504 3382; ppageno 0'>
   <div class='ocr_carea' id='block_1_1' title="bbox 173 182 949 232">
    <p class='ocr_par' dir='ltr' id='par_1_1' title="bbox 173 182 949 232">
     <span class='ocr_line' id='line_1_1' title="bbox 173 182 949 232; baseline 0 -11"><span class='ocrx_word' id='word_1_1' title='bbox 173 187 223 232; x_wconf 89' lang='lat'>58</span> <span class='ocrx_word' id='word_1_2' title='bbox 404 183 448 220; x_wconf 90' lang='lat' dir='ltr'><em>E</em></span> <span class='ocrx_word' id='word_1_3' title='bbox 451 182 577 222; x_wconf 72' lang='lat' dir='ltr'>UAN</span> <span class='ocrx_word' id='word_1_4' title='bbox 576 182 722 221; x_wconf 82' lang='lat' dir='ltr'><em>GELI</em></span> <span class='ocrx_word' id='word_1_5' title='bbox 723 182 817 220; x_wconf 81' lang='lat' dir='ltr'>UM</span> <span class='ocrx_word' id='word_1_6' title='bbox 837 182 913 221; x_wconf 88' lang='lat' dir='ltr'>SE</span> <span class='ocrx_word' id='word_1_7' title='bbox 915 183 949 221; x_wconf 94' lang='lat' dir='ltr'><em>C</em></span> 
     </span>
    </p>
   </div>
   <div class='ocr_carea' id='block_1_2' title="bbox 172 271 639 362">
    <p class='ocr_par' dir='ltr' id='par_1_2' title="bbox 172 271 639 362">
     <span class='ocr_line' id='line_1_2' title="bbox 172 271 345 301; baseline 0.006 -1"><span class='ocrx_word' id='word_1_8' title='bbox 172 271 255 301; x_wconf 65' lang='lat'>1¹01.</span> <span class='ocrx_word' id='word_1_9' title='bbox 272 272 345 301; x_wconf 90' lang='lat'>113.</span> 
     </span>
     <span class='ocr_line' id='line_1_3' title="bbox 173 313 639 362; baseline -0.002 -12"><span class='ocrx_word' id='word_1_10' title='bbox 173 313 295 351; x_wconf 85' lang='lat' dir='ltr'>Pedes</span> <span class='ocrx_word' id='word_1_11' title='bbox 315 314 380 350; x_wconf 80' lang='lat' dir='ltr'>ihu</span> <span class='ocrx_word' id='word_1_12' title='bbox 398 325 540 362; x_wconf 82' lang='lat' dir='ltr'>rogans</span> <span class='ocrx_word' id='word_1_13' title='bbox 559 318 639 350; x_wconf 64' lang='lat' dir='ltr'>eu·-</span> 
     </span>
    </p>
   </div>
   <div class='ocr_carea' id='block_1_3' title="bbox 170 367 666 1596">
    <p class='ocr_par' dir='ltr' id='par_1_3' title="bbox 171 367 614 564">
     <span class='ocr_line' id='line_1_4' title="bbox 171 367 614 404; baseline -0.005 0"><span class='ocrx_word' id='word_1_14' title='bbox 171 374 212 404; x_wconf 89' lang='lat' dir='ltr'>ut</span> <span class='ocrx_word' id='word_1_15' title='bbox 231 367 387 404; x_wconf 78' lang='lat' dir='ltr'>intraret</span> <span class='ocrx_word' id='word_1_16' title='bbox 406 367 444 403; x_wconf 88' lang='lat' dir='ltr'>in</span> <span class='ocrx_word' id='word_1_17' title='bbox 465 367 614 404; x_wconf 68' lang='lat' dir='ltr'>domu—</span> 
     </span>
     <span class='ocr_line' id='line_1_5' title="bbox 171 420 611 470; baseline -0.005 -13"><span class='ocrx_word' id='word_1_18' title='bbox 171 421 254 458; x_wconf 89' lang='lat' dir='ltr'>eius</span> <span class='ocrx_word' id='word_1_19' title='bbox 310 421 432 470; x_wconf 66' lang='lat' dir='ltr'>³²quia</span> <span class='ocrx_word' id='word_1_20' title='bbox 453 420 526 456; x_wconf 85' lang='lat' dir='ltr'>filia</span> <span class='ocrx_word' id='word_1_21' title='bbox 545 420 611 456; x_wconf 90' lang='lat' dir='ltr'>uni</span> 
     </span>
     <span class='ocr_line' id='line_1_6' title="bbox 172 474 591 511; baseline -0.005 0"><span class='ocrx_word' id='word_1_22' title='bbox 172 487 217 511; x_wconf 87' lang='lat' dir='ltr'>ca</span> <span class='ocrx_word' id='word_1_23' title='bbox 237 481 317 510; x_wconf 86' lang='lat' dir='ltr'>erat</span> <span class='ocrx_word' id='word_1_24' title='bbox 337 475 371 510; x_wconf 94' lang='lat' dir='ltr'>ei</span> <span class='ocrx_word' id='word_1_25' title='bbox 391 474 467 510; x_wconf 84' lang='lat' dir='ltr'>sere</span> <span class='ocrx_word' id='word_1_26' title='bbox 488 485 591 510; x_wconf 81' lang='lat' dir='ltr'>anno</span> 
     </span>
     <span class='ocr_line' id='line_1_7' title="bbox 171 527 535 564; baseline 0 0"><span class='ocrx_word' id='word_1_27' title='bbox 171 540 257 564; x_wconf 86' lang='lat' dir='ltr'>rum</span> <span class='ocrx_word' id='word_1_28' title='bbox 277 527 478 563; x_wconf 75' lang='lat' dir='ltr'>duodecim</span> <span class='ocrx_word' id='word_1_29' title='bbox 498 534 535 564; x_wconf 87' lang='lat' dir='ltr'>et</span> 
     </span>
    </p>

    <p class='ocr_par' dir='ltr' id='par_1_4' title="bbox 171 581 516 618">
     <span class='ocr_line' id='line_1_8' title="bbox 171 581 516 618; baseline -0.003 -1"><span class='ocrx_word' id='word_1_30' title='bbox 171 581 265 618; x_wconf 81' lang='lat' dir='ltr'>haec</span> <span class='ocrx_word' id='word_1_31' title='bbox 285 581 516 617; x_wconf 86' lang='lat' dir='ltr'>moriebatur</span> 
     </span>
    </p>

    <p class='ocr_par' dir='ltr' id='par_1_5' title="bbox 170 633 627 832">
     <span class='ocr_line' id='line_1_9' title="bbox 170 633 627 682; baseline -0.002 -10"><span class='ocrx_word' id='word_1_32' title='bbox 170 635 221 672; x_wconf 89' lang='lat' dir='ltr'>Et</span> <span class='ocrx_word' id='word_1_33' title='bbox 241 634 424 682; x_wconf 82' lang='lat' dir='ltr'>contingit</span> <span class='ocrx_word' id='word_1_34' title='bbox 444 634 536 670; x_wconf 89' lang='lat' dir='ltr'>dum</span> <span class='ocrx_word' id='word_1_35' title='bbox 557 633 627 671; x_wconf 90' lang='lat' dir='ltr'>iret</span> 
     </span>
     <span class='ocr_line' id='line_1_10' title="bbox 172 688 625 736; baseline 0 -12"><span class='ocrx_word' id='word_1_36' title='bbox 172 700 194 724; x_wconf 89' lang='lat' dir='ltr'>a</span> <span class='ocrx_word' id='word_1_37' title='bbox 213 688 331 725; x_wconf 90' lang='lat' dir='ltr'>turbis</span> <span class='ocrx_word' id='word_1_38' title='bbox 351 688 404 724; x_wconf 89' lang='lat' dir='ltr'>sic</span> <span class='ocrx_word' id='word_1_39' title='bbox 425 688 625 736; x_wconf 89' lang='lat' dir='ltr'>conprime</span> 
     </span>
     <span class='ocr_line' id='line_1_11' title="bbox 171 741 594 779; baseline 0 -1"><span class='ocrx_word' id='word_1_40' title='bbox 171 743 283 778; x_wconf 84' lang='lat' dir='ltr'>batur</span> <span class='ocrx_word' id='word_1_41' title='bbox 302 749 343 778; x_wconf 92' lang='lat' dir='ltr'>ut</span> <span class='ocrx_word' id='word_1_42' title='bbox 363 741 594 779; x_wconf 85' lang='lat' dir='ltr'>suffocarent</span> 
     </span>
     <span class='ocr_line' id='line_1_12' title="bbox 172 807 261 832; baseline 0 0"><span class='ocrx_word' id='word_1_43' title='bbox 172 807 261 832; x_wconf 90' lang='lat' dir='ltr'>eum</span> 
     </span>
    </p>

    <p class='ocr_par' dir='ltr' id='par_1_6' title="bbox 172 848 666 951">
     <span class='ocr_line' id='line_1_13' title="bbox 172 848 666 898; baseline -0.002 -12"><span class='ocrx_word' id='word_1_44' title='bbox 172 849 257 886; x_wconf 75' lang='lat' dir='ltr'>⁴³Et</span> <span class='ocrx_word' id='word_1_45' title='bbox 269 848 401 885; x_wconf 89' lang='lat' dir='ltr'>mulier</span> <span class='ocrx_word' id='word_1_46' title='bbox 408 848 574 898; x_wconf 83' lang='lat' dir='ltr'>quedam</span> <span class='ocrx_word' id='word_1_47' title='bbox 587 854 666 885; x_wconf 89' lang='lat' dir='ltr'>erat</span> 
     </span>
     <span class='ocr_line' id='line_1_14' title="bbox 172 902 576 951; baseline -0.005 -12"><span class='ocrx_word' id='word_1_48' title='bbox 172 903 211 939; x_wconf 90' lang='lat' dir='ltr'>in</span> <span class='ocrx_word' id='word_1_49' title='bbox 231 902 419 951; x_wconf 87' lang='lat' dir='ltr'>profluuio</span> <span class='ocrx_word' id='word_1_50' title='bbox 441 902 576 950; x_wconf 82' lang='lat' dir='ltr'>sangui</span> 
     </span>
    </p>

    <p class='ocr_par' dir='ltr' id='par_1_7' title="bbox 172 955 614 1154">
     <span class='ocr_line' id='line_1_15' title="bbox 172 955 577 993; baseline -0.002 -1"><span class='ocrx_word' id='word_1_51' title='bbox 172 956 231 993; x_wconf 89' lang='lat' dir='ltr'>nis</span> <span class='ocrx_word' id='word_1_52' title='bbox 252 957 300 993; x_wconf 90' lang='lat' dir='ltr'>ab</span> <span class='ocrx_word' id='word_1_53' title='bbox 320 957 430 993; x_wconf 88' lang='lat' dir='ltr'>annis</span> <span class='ocrx_word' id='word_1_54' title='bbox 451 955 577 992; x_wconf 91' lang='lat' dir='ltr'>duode</span> 
     </span>
     <span class='ocr_line' id='line_1_16' title="bbox 173 1009 614 1058; baseline -0.007 -11"><span class='ocrx_word' id='word_1_55' title='bbox 173 1011 247 1047; x_wconf 89' lang='lat' dir='ltr'>cirn</span> <span class='ocrx_word' id='word_1_56' title='bbox 267 1021 365 1058; x_wconf 86' lang='lat' dir='ltr'>quae</span> <span class='ocrx_word' id='word_1_57' title='bbox 386 1010 424 1045; x_wconf 91' lang='lat' dir='ltr'>in</span> <span class='ocrx_word' id='word_1_58' title='bbox 444 1009 614 1045; x_wconf 86' lang='lat' dir='ltr'>medicos</span> 
     </span>
     <span class='ocr_line' id='line_1_17' title="bbox 172 1069 560 1111; baseline -0.008 -11"><span class='ocrx_word' id='word_1_59' title='bbox 172 1069 395 1111; x_wconf 80' lang='lat' dir='ltr'>eroganerat</span> <span class='ocrx_word' id='word_1_60' title='bbox 415 1069 560 1099; x_wconf 67' lang='lat' dir='ltr'>omne-</span> 
     </span>
     <span class='ocr_line' id='line_1_18' title="bbox 173 1116 553 1154; baseline -0.008 -1"><span class='ocrx_word' id='word_1_61' title='bbox 173 1116 422 1154; x_wconf 75' lang='lat' dir='ltr'>substantiam</span> <span class='ocrx_word' id='word_1_62' title='bbox 444 1126 553 1152; x_wconf 86' lang='lat' dir='ltr'>suam</span> 
     </span>
    </p>

    <p class='ocr_par' dir='ltr' id='par_1_8' title="bbox 170 1169 615 1487">
     <span class='ocr_line' id='line_1_19' title="bbox 172 1169 615 1218; baseline -0.005 -11"><span class='ocrx_word' id='word_1_63' title='bbox 172 1182 241 1207; x_wconf 90' lang='lat' dir='ltr'>nec</span> <span class='ocrx_word' id='word_1_64' title='bbox 261 1171 309 1207; x_wconf 84' lang='lat' dir='ltr'>ab</span> <span class='ocrx_word' id='word_1_65' title='bbox 329 1169 406 1207; x_wconf 88' lang='lat' dir='ltr'>ullo</span> <span class='ocrx_word' id='word_1_66' title='bbox 427 1169 548 1218; x_wconf 88' lang='lat' dir='ltr'>potuit</span> <span class='ocrx_word' id='word_1_67' title='bbox 567 1180 615 1206; x_wconf 92' lang='lat' dir='ltr'>cu</span> 
     </span>
     <span class='ocr_line' id='line_1_20' title="bbox 172 1223 588 1260; baseline -0.002 0"><span class='ocrx_word' id='word_1_68' title='bbox 172 1224 246 1260; x_wconf 86' lang='lat' dir='ltr'>rari</span> <span class='ocrx_word' id='word_1_69' title='bbox 335 1223 528 1260; x_wconf 56' lang='lat' dir='ltr'>‘flaccessit</span> <span class='ocrx_word' id='word_1_70' title='bbox 548 1235 588 1259; x_wconf 91' lang='lat' dir='ltr'>re</span> 
     </span>
     <span class='ocr_line' id='line_1_21' title="bbox 172 1277 541 1325; baseline -0.003 -11"><span class='ocrx_word' id='word_1_71' title='bbox 172 1284 229 1314; x_wconf 88' lang='lat' dir='ltr'>tro</span> <span class='ocrx_word' id='word_1_72' title='bbox 249 1283 286 1314; x_wconf 92' lang='lat' dir='ltr'>et</span> <span class='ocrx_word' id='word_1_73' title='bbox 305 1277 425 1325; x_wconf 86' lang='lat' dir='ltr'>tetigit</span> <span class='ocrx_word' id='word_1_74' title='bbox 445 1277 541 1313; x_wconf 89' lang='lat' dir='ltr'>uesti</span> 
     </span>
     <span class='ocr_line' id='line_1_22' title="bbox 171 1331 598 1367; baseline 0 0"><span class='ocrx_word' id='word_1_75' title='bbox 171 1338 345 1367; x_wconf 88' lang='lat' dir='ltr'>mentum</span> <span class='ocrx_word' id='word_1_76' title='bbox 364 1331 444 1367; x_wconf 88' lang='lat' dir='ltr'>eius</span> <span class='ocrx_word' id='word_1_77' title='bbox 465 1337 501 1367; x_wconf 89' lang='lat' dir='ltr'>et</span> <span class='ocrx_word' id='word_1_78' title='bbox 522 1337 598 1367; x_wconf 63' lang='lat' dir='ltr'>co*</span> 
     </span>
     <span class='ocr_line' id='line_1_23' title="bbox 170 1383 581 1422; baseline 0 -2"><span class='ocrx_word' id='word_1_79' title='bbox 170 1384 295 1422; x_wconf 88' lang='lat' dir='ltr'>festim</span> <span class='ocrx_word' id='word_1_80' title='bbox 316 1385 415 1421; x_wconf 88' lang='lat' dir='ltr'>stetit</span> <span class='ocrx_word' id='word_1_81' title='bbox 435 1383 581 1420; x_wconf 85' lang='lat' dir='ltr'>fluxum</span> 
     </span>
     <span class='ocr_line' id='line_1_24' title="bbox 173 1438 505 1487; baseline 0 -12"><span class='ocrx_word' id='word_1_82' title='bbox 173 1438 368 1487; x_wconf 81' lang='lat' dir='ltr'>sanguinis</span> <span class='ocrx_word' id='word_1_83' title='bbox 388 1438 505 1487; x_wconf 87' lang='lat' dir='ltr'>ipsius</span> 
     </span>
    </p>

    <p class='ocr_par' dir='ltr' id='par_1_9' title="bbox 171 1491 666 1596">
     <span class='ocr_line' id='line_1_25' title="bbox 172 1491 665 1541; baseline -0.004 -12"><span class='ocrx_word' id='word_1_84' title='bbox 172 1492 257 1529; x_wconf 74' lang='lat' dir='ltr'>4⁵Et</span> <span class='ocrx_word' id='word_1_85' title='bbox 278 1492 327 1529; x_wconf 88' lang='lat' dir='ltr'>ait</span> <span class='ocrx_word' id='word_1_86' title='bbox 347 1492 405 1530; x_wconf 80' lang='lat' dir='ltr'>ihs</span> <span class='ocrx_word' id='word_1_87' title='bbox 425 1492 510 1541; x_wconf 89' lang='lat' dir='ltr'>quis</span> <span class='ocrx_word' id='word_1_88' title='bbox 529 1497 585 1528; x_wconf 88' lang='lat' dir='ltr'>est</span> <span class='ocrx_word' id='word_1_89' title='bbox 601 1491 665 1540; x_wconf 88' lang='lat' dir='ltr'>qui</span> 
     </span>
     <span class='ocr_line' id='line_1_26' title="bbox 171 1542 666 1596; baseline -0.004 -13"><span class='ocrx_word' id='word_1_90' title='bbox 171 1545 292 1594; x_wconf 86' lang='lat' dir='ltr'>tetigit</span> <span class='ocrx_word' id='word_1_91' title='bbox 584 1542 666 1596; x_wconf 90' lang='lat' dir='ltr'>[me</span> 
     </span>
    </p>
   </div>
   <div class='ocr_carea' id='block_1_4' title="bbox 171 1674 614 1885">
    <p class='ocr_par' dir='ltr' id='par_1_10' title="bbox 171 1674 614 1885">
     <span class='ocr_line' id='line_1_27' title="bbox 171 1674 557 1723; baseline -0.003 -11"><span class='ocrx_word' id='word_1_92' title='bbox 171 1674 411 1723; x_wconf 88' lang='lat' dir='ltr'>Negantibus</span> <span class='ocrx_word' id='word_1_93' title='bbox 431 1680 557 1711; x_wconf 90' lang='lat' dir='ltr'>autem</span> 
     </span>
     <span class='ocr_line' id='line_1_28' title="bbox 172 1728 614 1776; baseline -0.002 -10"><span class='ocrx_word' id='word_1_94' title='bbox 172 1729 349 1766; x_wconf 88' lang='lat' dir='ltr'>omnibus</span> <span class='ocrx_word' id='word_1_95' title='bbox 369 1728 464 1765; x_wconf 81' lang='lat' dir='ltr'>dixit</span> <span class='ocrx_word' id='word_1_96' title='bbox 484 1734 614 1776; x_wconf 88' lang='lat' dir='ltr'>petrus</span> 
     </span>
     <span class='ocr_line' id='line_1_29' title="bbox 171 1781 592 1831; baseline -0.002 -13"><span class='ocrx_word' id='word_1_97' title='bbox 171 1789 208 1819; x_wconf 90' lang='lat' dir='ltr'>et</span> <span class='ocrx_word' id='word_1_98' title='bbox 229 1782 292 1831; x_wconf 92' lang='lat' dir='ltr'>qui</span> <span class='ocrx_word' id='word_1_99' title='bbox 313 1794 399 1819; x_wconf 88' lang='lat' dir='ltr'>cum</span> <span class='ocrx_word' id='word_1_100' title='bbox 419 1781 481 1818; x_wconf 90' lang='lat' dir='ltr'>illo</span> <span class='ocrx_word' id='word_1_101' title='bbox 502 1787 592 1818; x_wconf 68' lang='lat' dir='ltr'>era-</span> 
     </span>
     <span class='ocr_line' id='line_1_30' title="bbox 171 1836 522 1885; baseline 0 -13"><span class='ocrx_word' id='word_1_102' title='bbox 171 1843 371 1885; x_wconf 87' lang='lat' dir='ltr'>preceptor</span> <span class='ocrx_word' id='word_1_103' title='bbox 390 1836 522 1872; x_wconf 79' lang='lat' dir='ltr'>turbae</span> 
     </span>
    </p>
   </div>
   <div class='ocr_carea' id='block_1_5' title="bbox 172 1895 580 1972">
    <p class='ocr_par' dir='ltr' id='par_1_11' title="bbox 172 1895 580 1972">
     <span class='ocr_line' id='line_1_31' title="bbox 172 1895 580 1939; baseline -0.005 -12"><span class='ocrx_word' id='word_1_104' title='bbox 172 1898 209 1927; x_wconf 88' lang='lat' dir='ltr'>te</span> <span class='ocrx_word' id='word_1_105' title='bbox 229 1896 481 1939; x_wconf 88' lang='lat' dir='ltr'>conpremunt</span> <span class='ocrx_word' id='word_1_106' title='bbox 501 1895 580 1927; x_wconf 83' lang='lat' dir='ltr'>tam</span> 
     </span>
     <span class='ocr_line' id='line_1_32' title="bbox 487 1952 502 1972; baseline 0 0"><span class='ocrx_word' id='word_1_107' title='bbox 487 1952 502 1972; x_wconf 88' lang='lat' dir='ltr'>S</span> 
     </span>
    </p>
   </div>
   <div class='ocr_carea' id='block_1_6' title="bbox 173 1986 667 2345">
    <p class='ocr_par' dir='ltr' id='par_1_12' title="bbox 173 1986 604 2087">
     <span class='ocr_line' id='line_1_33' title="bbox 173 1986 604 2036; baseline -0.002 -13"><span class='ocrx_word' id='word_1_108' title='bbox 173 1998 337 2034; x_wconf 83' lang='lat' dir='ltr'>magnae</span> <span class='ocrx_word' id='word_1_109' title='bbox 357 1993 395 2023; x_wconf 92' lang='lat' dir='ltr'>et</span> <span class='ocrx_word' id='word_1_110' title='bbox 415 1986 502 2023; x_wconf 91' lang='lat' dir='ltr'>dicit</span> <span class='ocrx_word' id='word_1_111' title='bbox 521 1986 604 2036; x_wconf 89' lang='lat' dir='ltr'>quis</span> 
     </span>
     <span class='ocr_line' id='line_1_34' title="bbox 173 2040 373 2087; baseline -0.005 -11"><span class='ocrx_word' id='word_1_112' title='bbox 173 2052 236 2076; x_wconf 89' lang='lat' dir='ltr'>me</span> <span class='ocrx_word' id='word_1_113' title='bbox 255 2040 373 2087; x_wconf 85' lang='lat' dir='ltr'>tetigit</span> 
     </span>
    </p>

    <p class='ocr_par' dir='ltr' id='par_1_13' title="bbox 174 2092 667 2291">
     <span class='ocr_line' id='line_1_35' title="bbox 174 2092 667 2141; baseline 0 -12"><span class='ocrx_word' id='word_1_114' title='bbox 174 2093 257 2130; x_wconf 72' lang='lat' dir='ltr'>⁴⁶Et</span> <span class='ocrx_word' id='word_1_115' title='bbox 278 2093 369 2130; x_wconf 80' lang='lat' dir='ltr'>dixit</span> <span class='ocrx_word' id='word_1_116' title='bbox 388 2092 446 2130; x_wconf 78' lang='lat' dir='ltr'>ihs</span> <span class='ocrx_word' id='word_1_117' title='bbox 466 2093 586 2141; x_wconf 83' lang='lat' dir='ltr'>tetigit</span> <span class='ocrx_word' id='word_1_118' title='bbox 606 2105 667 2129; x_wconf 92' lang='lat' dir='ltr'>me</span> 
     </span>
     <span class='ocr_line' id='line_1_36' title="bbox 174 2147 568 2196; baseline -0.003 -12"><span class='ocrx_word' id='word_1_119' title='bbox 174 2147 309 2196; x_wconf 86' lang='lat' dir='ltr'>aliquis</span> <span class='ocrx_word' id='word_1_120' title='bbox 329 2159 418 2183; x_wconf 88' lang='lat' dir='ltr'>nam</span> <span class='ocrx_word' id='word_1_121' title='bbox 439 2154 475 2183; x_wconf 93' lang='lat' dir='ltr'>et</span> <span class='ocrx_word' id='word_1_122' title='bbox 495 2159 568 2195; x_wconf 81' lang='lat' dir='ltr'>ego</span> 
     </span>
     <span class='ocr_line' id='line_1_37' title="bbox 174 2201 538 2248; baseline -0.005 -10"><span class='ocrx_word' id='word_1_123' title='bbox 174 2201 341 2248; x_wconf 83' lang='lat' dir='ltr'>cognoui</span> <span class='ocrx_word' id='word_1_124' title='bbox 361 2201 538 2237; x_wconf 88' lang='lat' dir='ltr'>uirtutem</span> 
     </span>
     <span class='ocr_line' id='line_1_38' title="bbox 174 2254 447 2291; baseline -0.004 0"><span class='ocrx_word' id='word_1_125' title='bbox 174 2255 298 2291; x_wconf 82' lang='lat' dir='ltr'>exisse</span> <span class='ocrx_word' id='word_1_126' title='bbox 319 2254 365 2291; x_wconf 94' lang='lat' dir='ltr'>de</span> <span class='ocrx_word' id='word_1_127' title='bbox 385 2266 447 2290; x_wconf 89' lang='lat' dir='ltr'>me</span> 
     </span>
    </p>

    <p class='ocr_par' dir='ltr' id='par_1_14' title="bbox 175 2307 617 2345">
     <span class='ocr_line' id='line_1_39' title="bbox 175 2307 617 2345; baseline 0 -1"><span class='ocrx_word' id='word_1_128' title='bbox 175 2307 356 2345; x_wconf 67' lang='lat' dir='ltr'>⁹⁷Uidens</span> <span class='ocrx_word' id='word_1_129' title='bbox 377 2315 504 2344; x_wconf 89' lang='lat' dir='ltr'>autem</span> <span class='ocrx_word' id='word_1_130' title='bbox 523 2307 617 2344; x_wconf 89' lang='lat' dir='ltr'>muli</span> 
     </span>
    </p>
   </div>
   <div class='ocr_carea' id='block_1_7' title="bbox 175 2361 553 2444">
    <p class='ocr_par' dir='ltr' id='par_1_15' title="bbox 175 2361 553 2444">
     <span class='ocr_line' id='line_1_40' title="bbox 175 2361 548 2411; baseline -0.005 -12"><span class='ocrx_word' id='word_1_131' title='bbox 175 2374 216 2399; x_wconf 88' lang='lat' dir='ltr'>er</span> <span class='ocrx_word' id='word_1_132' title='bbox 235 2362 325 2411; x_wconf 87' lang='lat' dir='ltr'>quia</span> <span class='ocrx_word' id='word_1_133' title='bbox 344 2373 423 2399; x_wconf 92' lang='lat' dir='ltr'>non</span> <span class='ocrx_word' id='word_1_134' title='bbox 443 2361 548 2398; x_wconf 86' lang='lat' dir='ltr'>latuit</span> 
     </span>
     <span class='ocr_line' id='line_1_41' title="bbox 531 2424 553 2444; baseline 0 0"><span class='ocrx_word' id='word_1_135' title='bbox 531 2424 553 2444; x_wconf 93' lang='lat' dir='ltr'>n</span> 
     </span>
    </p>
   </div>
   <div class='ocr_carea' id='block_1_8' title="bbox 175 2457 660 2976">
    <p class='ocr_par' dir='ltr' id='par_1_16' title="bbox 175 2457 561 2496">
     <span class='ocr_line' id='line_1_42' title="bbox 175 2457 561 2496; baseline 0 -1"><span class='ocrx_word' id='word_1_136' title='bbox 175 2457 280 2496; x_wconf 87' lang='lat' dir='ltr'>illum</span> <span class='ocrx_word' id='word_1_137' title='bbox 300 2458 404 2495; x_wconf 89' lang='lat' dir='ltr'>uenit</span> <span class='ocrx_word' id='word_1_138' title='bbox 423 2464 561 2495; x_wconf 86' lang='lat' dir='ltr'>tremes</span> 
     </span>
    </p>

    <p class='ocr_par' dir='ltr' id='par_1_17' title="bbox 175 2512 606 2668">
     <span class='ocr_line' id='line_1_43' title="bbox 177 2512 570 2561; baseline 0.003 -13"><span class='ocrx_word' id='word_1_139' title='bbox 177 2519 213 2549; x_wconf 86' lang='lat' dir='ltr'>et</span> <span class='ocrx_word' id='word_1_140' title='bbox 233 2512 395 2561; x_wconf 87' lang='lat' dir='ltr'>procidit</span> <span class='ocrx_word' id='word_1_141' title='bbox 415 2519 500 2549; x_wconf 84' lang='lat' dir='ltr'>ante</span> <span class='ocrx_word' id='word_1_142' title='bbox 522 2525 570 2561; x_wconf 88' lang='lat' dir='ltr'>pe</span> 
     </span>
     <span class='ocr_line' id='line_1_44' title="bbox 175 2565 606 2615; baseline 0.002 -13"><span class='ocrx_word' id='word_1_143' title='bbox 175 2565 243 2602; x_wconf 90' lang='lat' dir='ltr'>des</span> <span class='ocrx_word' id='word_1_144' title='bbox 263 2566 341 2603; x_wconf 90' lang='lat' dir='ltr'>eius</span> <span class='ocrx_word' id='word_1_145' title='bbox 362 2572 398 2603; x_wconf 90' lang='lat' dir='ltr'>et</span> <span class='ocrx_word' id='word_1_146' title='bbox 418 2567 469 2603; x_wconf 88' lang='lat' dir='ltr'>ob</span> <span class='ocrx_word' id='word_1_147' title='bbox 489 2577 606 2615; x_wconf 85' lang='lat' dir='ltr'>quam</span> 
     </span>
     <span class='ocr_line' id='line_1_45' title="bbox 176 2620 515 2668; baseline 0 -12"><span class='ocrx_word' id='word_1_148' title='bbox 176 2631 332 2656; x_wconf 87' lang='lat' dir='ltr'>causam</span> <span class='ocrx_word' id='word_1_149' title='bbox 353 2620 515 2668; x_wconf 81' lang='lat' dir='ltr'>tetigerit</span> 
     </span>
    </p>

    <p class='ocr_par' dir='ltr' id='par_1_18' title="bbox 177 2673 531 2710">
     <span class='ocr_line' id='line_1_46' title="bbox 177 2673 531 2710; baseline 0.006 -2"><span class='ocrx_word' id='word_1_150' title='bbox 177 2683 266 2709; x_wconf 90' lang='lat' dir='ltr'>eum</span> <span class='ocrx_word' id='word_1_151' title='bbox 286 2673 464 2709; x_wconf 82' lang='lat' dir='ltr'>indicauit</span> <span class='ocrx_word' id='word_1_152' title='bbox 484 2685 531 2710; x_wconf 93' lang='lat' dir='ltr'>co</span> 
     </span>
    </p>

    <p class='ocr_par' dir='ltr' id='par_1_19' title="bbox 177 2726 548 2775">
     <span class='ocr_line' id='line_1_47' title="bbox 177 2726 548 2775; baseline 0.003 -13"><span class='ocrx_word' id='word_1_153' title='bbox 177 2737 259 2762; x_wconf 85' lang='lat' dir='ltr'>ram</span> <span class='ocrx_word' id='word_1_154' title='bbox 279 2726 383 2762; x_wconf 84' lang='lat' dir='ltr'>omni</span> <span class='ocrx_word' id='word_1_155' title='bbox 404 2727 548 2775; x_wconf 88' lang='lat' dir='ltr'>populo</span> 
     </span>
    </p>

    <p class='ocr_par' dir='ltr' id='par_1_20' title="bbox 178 2779 559 2870">
     <span class='ocr_line' id='line_1_48' title="bbox 178 2779 559 2828; baseline 0.003 -13"><span class='ocrx_word' id='word_1_156' title='bbox 178 2785 215 2815; x_wconf 93' lang='lat' dir='ltr'>et</span> <span class='ocrx_word' id='word_1_157' title='bbox 235 2779 559 2828; x_wconf 86' lang='lat' dir='ltr'>quemadmodum</span> 
     </span>
     <span class='ocr_line' id='line_1_49' title="bbox 178 2832 535 2870; baseline 0 0"><span class='ocrx_word' id='word_1_158' title='bbox 178 2832 382 2870; x_wconf 88' lang='lat' dir='ltr'>confestim</span> <span class='ocrx_word' id='word_1_159' title='bbox 403 2838 535 2870; x_wconf 83' lang='lat' dir='ltr'>sanata</span> 
     </span>
    </p>

    <p class='ocr_par' dir='ltr' id='par_1_21' title="bbox 178 2892 237 2923">
     <span class='ocr_line' id='line_1_50' title="bbox 178 2892 237 2923; baseline 0 -1"><span class='ocrx_word' id='word_1_160' title='bbox 178 2892 237 2923; x_wconf 83' lang='lat' dir='ltr'>est</span> 
     </span>
    </p>

    <p class='ocr_par' dir='ltr' id='par_1_22' title="bbox 178 2938 660 2976">
     <span class='ocr_line' id='line_1_51' title="bbox 178 2938 660 2976; baseline 0 0"><span class='ocrx_word' id='word_1_161' title='bbox 178 2938 276 2976; x_wconf 64' lang='lat' dir='ltr'>³⁸Ad</span> <span class='ocrx_word' id='word_1_162' title='bbox 294 2938 355 2976; x_wconf 91' lang='lat' dir='ltr'>ille</span> <span class='ocrx_word' id='word_1_163' title='bbox 376 2938 468 2976; x_wconf 80' lang='lat' dir='ltr'>dixit</span> <span class='ocrx_word' id='word_1_164' title='bbox 487 2938 521 2975; x_wconf 88' lang='lat' dir='ltr'>ei</span> <span class='ocrx_word' id='word_1_165' title='bbox 541 2938 616 2975; x_wconf 84' lang='lat' dir='ltr'>filia</span> <span class='ocrx_word' id='word_1_166' title='bbox 636 2939 660 2976; x_wconf 90' lang='lat' dir='ltr'>fi</span> 
     </span>
    </p>
   </div>
   <div class='ocr_carea' id='block_1_9' title="bbox 177 2992 659 3031">
    <p class='ocr_par' dir='ltr' id='par_1_23' title="bbox 177 2992 659 3031">
     <span class='ocr_line' id='line_1_52' title="bbox 177 2992 659 3031; baseline -0.006 0"><span class='ocrx_word' id='word_1_167' title='bbox 177 2993 246 3031; x_wconf 91' lang='lat' dir='ltr'>des</span> <span class='ocrx_word' id='word_1_168' title='bbox 266 3000 330 3031; x_wconf 87' lang='lat' dir='ltr'>tua</span> <span class='ocrx_word' id='word_1_169' title='bbox 349 2999 386 3030; x_wconf 91' lang='lat' dir='ltr'>te</span> <span class='ocrx_word' id='word_1_170' title='bbox 406 2992 552 3031; x_wconf 84' lang='lat' dir='ltr'>saluam</span> <span class='ocrx_word' id='word_1_171' title='bbox 571 2992 659 3029; x_wconf 86' lang='lat' dir='ltr'>fecit</span> 
     </span>
    </p>
   </div>
   <div class='ocr_carea' id='block_1_10' title="bbox 699 312 1159 673">
    <p class='ocr_par' dir='ltr' id='par_1_24' title="bbox 699 312 1159 673">
     <span class='ocr_line' id='line_1_53' title="bbox 701 312 1016 361; baseline -0.003 -12"><span class='ocrx_word' id='word_1_172' title='bbox 701 312 799 350; x_wconf 89' lang='lat' dir='ltr'>uade</span> <span class='ocrx_word' id='word_1_173' title='bbox 818 312 858 349; x_wconf 92' lang='lat' dir='ltr'>in</span> <span class='ocrx_word' id='word_1_174' title='bbox 877 324 1016 361; x_wconf 84' lang='lat' dir='ltr'>pacem</span> 
     </span>
     <span class='ocr_line' id='line_1_54' title="bbox 699 366 1155 414; baseline -0.002 -11"><span class='ocrx_word' id='word_1_175' title='bbox 699 366 871 403; x_wconf 77' lang='lat' dir='ltr'>⁴⁹Adhuc</span> <span class='ocrx_word' id='word_1_176' title='bbox 893 366 955 403; x_wconf 87' lang='lat' dir='ltr'>illo</span> <span class='ocrx_word' id='word_1_177' title='bbox 974 366 1155 414; x_wconf 84' lang='lat' dir='ltr'>loquente</span> 
     </span>
     <span class='ocr_line' id='line_1_55' title="bbox 700 420 1159 469; baseline -0.002 -12"><span class='ocrx_word' id='word_1_178' title='bbox 700 421 805 457; x_wconf 88' lang='lat' dir='ltr'>uenit</span> <span class='ocrx_word' id='word_1_179' title='bbox 825 420 980 469; x_wconf 90' lang='lat' dir='ltr'>quidam</span> <span class='ocrx_word' id='word_1_180' title='bbox 1000 420 1049 456; x_wconf 83' lang='lat' dir='ltr'>ad</span> <span class='ocrx_word' id='word_1_181' title='bbox 1069 420 1159 468; x_wconf 66' lang='lat' dir='ltr'>pri-</span> 
     </span>
     <span class='ocr_line' id='line_1_56' title="bbox 701 474 1066 522; baseline -0.005 -10"><span class='ocrx_word' id='word_1_182' title='bbox 701 474 826 522; x_wconf 89' lang='lat' dir='ltr'>cipem</span> <span class='ocrx_word' id='word_1_183' title='bbox 847 485 1066 522; x_wconf 80' lang='lat' dir='ltr'>synagogae</span> 
     </span>
     <span class='ocr_line' id='line_1_57' title="bbox 701 528 1097 576; baseline -0.008 -11"><span class='ocrx_word' id='word_1_184' title='bbox 701 528 832 565; x_wconf 88' lang='lat' dir='ltr'>dicens</span> <span class='ocrx_word' id='word_1_185' title='bbox 852 528 885 564; x_wconf 92' lang='lat' dir='ltr'>ei</span> <span class='ocrx_word' id='word_1_186' title='bbox 907 528 994 576; x_wconf 83' lang='lat' dir='ltr'>quia</span> <span class='ocrx_word' id='word_1_187' title='bbox 1013 539 1097 564; x_wconf 90' lang='lat' dir='ltr'>mor</span> 
     </span>
     <span class='ocr_line' id='line_1_58' title="bbox 701 580 1117 618; baseline -0.005 0"><span class='ocrx_word' id='word_1_188' title='bbox 701 589 765 618; x_wconf 79' lang='lat' dir='ltr'>tua</span> <span class='ocrx_word' id='word_1_189' title='bbox 784 588 841 618; x_wconf 90' lang='lat' dir='ltr'>est</span> <span class='ocrx_word' id='word_1_190' title='bbox 860 581 935 618; x_wconf 86' lang='lat' dir='ltr'>filia</span> <span class='ocrx_word' id='word_1_191' title='bbox 956 588 1020 618; x_wconf 85' lang='lat' dir='ltr'>tua</span> <span class='ocrx_word' id='word_1_192' title='bbox 1038 580 1117 618; x_wconf 89' lang='lat' dir='ltr'>noli</span> 
     </span>
     <span class='ocr_line' id='line_1_59' title="bbox 700 635 963 673; baseline -0.008 0"><span class='ocrx_word' id='word_1_193' title='bbox 700 648 839 673; x_wconf 84' lang='lat' dir='ltr'>uexare</span> <span class='ocrx_word' id='word_1_194' title='bbox 859 635 963 671; x_wconf 87' lang='lat' dir='ltr'>illum</span> 
     </span>
    </p>
   </div>
   <div class='ocr_carea' id='block_1_11' title="bbox 701 686 1222 726">
    <p class='ocr_par' dir='ltr' id='par_1_25' title="bbox 701 686 1222 726">
     <span class='ocr_line' id='line_1_60' title="bbox 701 686 1222 726; baseline -0.006 0"><span class='ocrx_word' id='word_1_195' title='bbox 701 689 802 726; x_wconf 77' lang='lat' dir='ltr'>⁵01hs</span> <span class='ocrx_word' id='word_1_196' title='bbox 822 696 949 726; x_wconf 87' lang='lat' dir='ltr'>autem</span> <span class='ocrx_word' id='word_1_197' title='bbox 970 687 1098 725; x_wconf 83' lang='lat' dir='ltr'>audito</span> <span class='ocrx_word' id='word_1_198' title='bbox 1121 686 1196 724; x_wconf 93' lang='lat' dir='ltr'>hoc</span> <span class='ocrx_word' id='word_1_199' title='bbox 1219 693 1222 695; x_wconf 75' lang='grc'><strong>’</strong></span> 
     </span>
    </p>
   </div>
   <div class='ocr_carea' id='block_1_12' title="bbox 700 742 1138 1584">
    <p class='ocr_par' dir='ltr' id='par_1_26' title="bbox 700 742 1111 941">
     <span class='ocr_line' id='line_1_61' title="bbox 701 742 1111 790; baseline -0.01 -10"><span class='ocrx_word' id='word_1_200' title='bbox 701 744 819 780; x_wconf 90' lang='lat' dir='ltr'>uerbo</span> <span class='ocrx_word' id='word_1_201' title='bbox 840 743 889 780; x_wconf 85' lang='lat' dir='ltr'>ait</span> <span class='ocrx_word' id='word_1_202' title='bbox 908 742 1003 790; x_wconf 86' lang='lat' dir='ltr'>patri</span> <span class='ocrx_word' id='word_1_203' title='bbox 1023 742 1111 790; x_wconf 88' lang='lat' dir='ltr'>puel</span> 
     </span>
     <span class='ocr_line' id='line_1_62' title="bbox 700 796 1086 833; baseline -0.008 0"><span class='ocrx_word' id='word_1_204' title='bbox 700 796 759 833; x_wconf 89' lang='lat' dir='ltr'>lae</span> <span class='ocrx_word' id='word_1_205' title='bbox 779 796 856 833; x_wconf 90' lang='lat' dir='ltr'>noli</span> <span class='ocrx_word' id='word_1_206' title='bbox 877 796 1005 832; x_wconf 89' lang='lat' dir='ltr'>timere</span> <span class='ocrx_word' id='word_1_207' title='bbox 1025 806 1086 831; x_wconf 91' lang='lat' dir='ltr'>cre</span> 
     </span>
     <span class='ocr_line' id='line_1_63' title="bbox 701 848 1098 887; baseline -0.008 0"><span class='ocrx_word' id='word_1_208' title='bbox 701 850 748 887; x_wconf 91' lang='lat' dir='ltr'>de</span> <span class='ocrx_word' id='word_1_209' title='bbox 769 856 916 887; x_wconf 90' lang='lat' dir='ltr'>tantum</span> <span class='ocrx_word' id='word_1_210' title='bbox 937 856 973 885; x_wconf 91' lang='lat' dir='ltr'>et</span> <span class='ocrx_word' id='word_1_211' title='bbox 993 848 1098 885; x_wconf 82' lang='lat' dir='ltr'>salua</span> 
     </span>
     <span class='ocr_line' id='line_1_64' title="bbox 700 905 769 941; baseline -0.014 0"><span class='ocrx_word' id='word_1_212' title='bbox 700 905 769 941; x_wconf 89' lang='lat' dir='ltr'>erit</span> 
     </span>
    </p>

    <p class='ocr_par' dir='ltr' id='par_1_27' title="bbox 700 954 1138 1100">
     <span class='ocr_line' id='line_1_65' title="bbox 701 954 1138 992; baseline -0.005 0"><span class='ocrx_word' id='word_1_213' title='bbox 701 956 785 992; x_wconf 79' lang='lat' dir='ltr'>⁵1Et</span> <span class='ocrx_word' id='word_1_214' title='bbox 805 967 893 992; x_wconf 89' lang='lat' dir='ltr'>cum</span> <span class='ocrx_word' id='word_1_215' title='bbox 913 954 1080 991; x_wconf 87' lang='lat' dir='ltr'>uenisset</span> <span class='ocrx_word' id='word_1_216' title='bbox 1099 954 1138 990; x_wconf 91' lang='lat' dir='ltr'>in</span> 
     </span>
     <span class='ocr_line' id='line_1_66' title="bbox 701 1010 1044 1056; baseline -0.009 -9"><span class='ocrx_word' id='word_1_217' title='bbox 701 1010 858 1047; x_wconf 88' lang='lat' dir='ltr'>domum</span> <span class='ocrx_word' id='word_1_218' title='bbox 878 1019 957 1045; x_wconf 90' lang='lat' dir='ltr'>non</span> <span class='ocrx_word' id='word_1_219' title='bbox 977 1020 1044 1056; x_wconf 91' lang='lat' dir='ltr'>per</span> 
     </span>
     <span class='ocr_line' id='line_1_67' title="bbox 700 1062 1069 1100; baseline -0.008 0"><span class='ocrx_word' id='word_1_220' title='bbox 700 1063 801 1100; x_wconf 89' lang='lat' dir='ltr'>misit</span> <span class='ocrx_word' id='word_1_221' title='bbox 822 1074 950 1099; x_wconf 88' lang='lat' dir='ltr'>secum</span> <span class='ocrx_word' id='word_1_222' title='bbox 970 1062 1069 1098; x_wconf 86' lang='lat' dir='ltr'>intra</span> 
     </span>
    </p>

    <p class='ocr_par' dir='ltr' id='par_1_28' title="bbox 701 1115 1054 1166">
     <span class='ocr_line' id='line_1_68' title="bbox 701 1115 1054 1166; baseline -0.008 -12"><span class='ocrx_word' id='word_1_223' title='bbox 701 1129 740 1154; x_wconf 91' lang='lat' dir='ltr'>re</span> <span class='ocrx_word' id='word_1_224' title='bbox 762 1127 996 1166; x_wconf 80' lang='lat' dir='ltr'>quemquam</span> <span class='ocrx_word' id='word_1_225' title='bbox 1015 1115 1054 1151; x_wconf 89' lang='lat' dir='ltr'>ni</span> 
     </span>
    </p>

    <p class='ocr_par' dir='ltr' id='par_1_29' title="bbox 701 1168 1094 1261">
     <span class='ocr_line' id='line_1_69' title="bbox 701 1168 1094 1220; baseline -0.008 -12"><span class='ocrx_word' id='word_1_226' title='bbox 701 1171 731 1208; x_wconf 87' lang='lat' dir='ltr'>si</span> <span class='ocrx_word' id='word_1_227' title='bbox 751 1178 901 1220; x_wconf 89' lang='lat' dir='ltr'>petrum</span> <span class='ocrx_word' id='word_1_228' title='bbox 922 1176 958 1206; x_wconf 90' lang='lat' dir='ltr'>et</span> <span class='ocrx_word' id='word_1_229' title='bbox 978 1168 1094 1205; x_wconf 88' lang='lat' dir='ltr'>iohan</span> 
     </span>
     <span class='ocr_line' id='line_1_70' title="bbox 701 1223 1046 1261; baseline -0.009 0"><span class='ocrx_word' id='word_1_230' title='bbox 701 1236 791 1261; x_wconf 90' lang='lat' dir='ltr'>nem</span> <span class='ocrx_word' id='word_1_231' title='bbox 811 1231 848 1261; x_wconf 91' lang='lat' dir='ltr'>et</span> <span class='ocrx_word' id='word_1_232' title='bbox 868 1223 1046 1260; x_wconf 82' lang='lat' dir='ltr'>iacobum</span> 
     </span>
    </p>

    <p class='ocr_par' dir='ltr' id='par_1_30' title="bbox 700 1283 1132 1487">
     <span class='ocr_line' id='line_1_71' title="bbox 701 1283 1132 1326; baseline -0.007 -11"><span class='ocrx_word' id='word_1_233' title='bbox 701 1285 738 1315; x_wconf 86' lang='lat' dir='ltr'>et</span> <span class='ocrx_word' id='word_1_234' title='bbox 756 1284 903 1326; x_wconf 85' lang='lat' dir='ltr'>patrem</span> <span class='ocrx_word' id='word_1_235' title='bbox 924 1283 960 1313; x_wconf 91' lang='lat' dir='ltr'>et</span> <span class='ocrx_word' id='word_1_236' title='bbox 979 1283 1132 1313; x_wconf 73' lang='lat' dir='ltr'>matre-</span> 
     </span>
     <span class='ocr_line' id='line_1_72' title="bbox 701 1330 1116 1381; baseline -0.005 -13"><span class='ocrx_word' id='word_1_237' title='bbox 701 1331 849 1381; x_wconf 76' lang='lat' dir='ltr'>puellae</span> <span class='ocrx_word' id='word_1_238' title='bbox 869 1330 1047 1367; x_wconf 74' lang='lat' dir='ltr'>⁵2flebant</span> <span class='ocrx_word' id='word_1_239' title='bbox 1068 1341 1116 1366; x_wconf 84' lang='lat' dir='ltr'>au</span> 
     </span>
     <span class='ocr_line' id='line_1_73' title="bbox 700 1384 1097 1433; baseline -0.005 -11"><span class='ocrx_word' id='word_1_240' title='bbox 700 1392 777 1423; x_wconf 89' lang='lat' dir='ltr'>tem</span> <span class='ocrx_word' id='word_1_241' title='bbox 798 1396 933 1422; x_wconf 87' lang='lat' dir='ltr'>omnes</span> <span class='ocrx_word' id='word_1_242' title='bbox 953 1392 990 1421; x_wconf 92' lang='lat' dir='ltr'>et</span> <span class='ocrx_word' id='word_1_243' title='bbox 1008 1384 1097 1433; x_wconf 88' lang='lat' dir='ltr'>plan</span> 
     </span>
     <span class='ocr_line' id='line_1_74' title="bbox 701 1438 965 1487; baseline -0.008 -11"><span class='ocrx_word' id='word_1_244' title='bbox 701 1440 844 1487; x_wconf 85' lang='lat' dir='ltr'>gebant</span> <span class='ocrx_word' id='word_1_245' title='bbox 863 1438 965 1474; x_wconf 80' lang='lat' dir='ltr'>illam</span> 
     </span>
    </p>

    <p class='ocr_par' dir='ltr' id='par_1_31' title="bbox 700 1490 1093 1584">
     <span class='ocr_line' id='line_1_75' title="bbox 700 1490 1093 1529; baseline -0.008 0"><span class='ocrx_word' id='word_1_246' title='bbox 700 1493 763 1529; x_wconf 88' lang='lat' dir='ltr'>Ad</span> <span class='ocrx_word' id='word_1_247' title='bbox 783 1492 843 1529; x_wconf 90' lang='lat' dir='ltr'>ille</span> <span class='ocrx_word' id='word_1_248' title='bbox 863 1492 956 1529; x_wconf 83' lang='lat' dir='ltr'>dixit</span> <span class='ocrx_word' id='word_1_249' title='bbox 977 1490 1093 1528; x_wconf 92' lang='lat' dir='ltr'>nolite</span> 
     </span>
     <span class='ocr_line' id='line_1_76' title="bbox 701 1545 1085 1584; baseline -0.008 -1"><span class='ocrx_word' id='word_1_250' title='bbox 701 1547 788 1584; x_wconf 89' lang='lat' dir='ltr'>flere</span> <span class='ocrx_word' id='word_1_251' title='bbox 808 1558 887 1583; x_wconf 89' lang='lat' dir='ltr'>non</span> <span class='ocrx_word' id='word_1_252' title='bbox 907 1552 963 1583; x_wconf 86' lang='lat' dir='ltr'>est</span> <span class='ocrx_word' id='word_1_253' title='bbox 982 1545 1085 1582; x_wconf 90' lang='lat' dir='ltr'>enim</span> 
     </span>
    </p>
   </div>
   <div class='ocr_carea' id='block_1_13' title="bbox 699 1673 1202 2958">
    <p class='ocr_par' dir='ltr' id='par_1_32' title="bbox 701 1673 1033 1712">
     <span class='ocr_line' id='line_1_77' title="bbox 701 1673 1033 1712; baseline -0.006 0"><span class='ocrx_word' id='word_1_254' title='bbox 701 1674 856 1712; x_wconf 90' lang='lat' dir='ltr'>Mortua</span> <span class='ocrx_word' id='word_1_255' title='bbox 877 1673 942 1711; x_wconf 88' lang='lat' dir='ltr'>sed</span> <span class='ocrx_word' id='word_1_256' title='bbox 963 1673 1033 1710; x_wconf 91' lang='lat' dir='ltr'>dor</span> 
     </span>
    </p>

    <p class='ocr_par' dir='ltr' id='par_1_33' title="bbox 699 1727 1127 2045">
     <span class='ocr_line' id='line_1_78' title="bbox 699 1727 1102 1766; baseline -0.007 0"><span class='ocrx_word' id='word_1_257' title='bbox 699 1729 769 1766; x_wconf 89' lang='lat' dir='ltr'>mit</span> <span class='ocrx_word' id='word_1_258' title='bbox 788 1729 860 1765; x_wconf 77' lang='lat' dir='ltr'>5³et</span> <span class='ocrx_word' id='word_1_259' title='bbox 879 1727 1102 1764; x_wconf 81' lang='lat' dir='ltr'>deridebant</span> 
     </span>
     <span class='ocr_line' id='line_1_79' title="bbox 699 1782 1087 1820; baseline -0.005 -1"><span class='ocrx_word' id='word_1_260' title='bbox 699 1794 801 1820; x_wconf 90' lang='lat' dir='ltr'>eum·</span> <span class='ocrx_word' id='word_1_261' title='bbox 823 1782 982 1819; x_wconf 87' lang='lat' dir='ltr'>scientes</span> <span class='ocrx_word' id='word_1_262' title='bbox 1001 1792 1087 1818; x_wconf 91' lang='lat' dir='ltr'>eam</span> 
     </span>
     <span class='ocr_line' id='line_1_80' title="bbox 699 1835 1127 1883; baseline -0.005 -10"><span class='ocrx_word' id='word_1_263' title='bbox 699 1843 890 1873; x_wconf 89' lang='lat' dir='ltr'>mortuam</span> <span class='ocrx_word' id='word_1_264' title='bbox 909 1847 992 1872; x_wconf 85' lang='lat' dir='ltr'>esse</span> <span class='ocrx_word' id='word_1_265' title='bbox 1012 1835 1127 1883; x_wconf 53' lang='lat' dir='ltr'>“ipse</span> 
     </span>
     <span class='ocr_line' id='line_1_81' title="bbox 700 1897 1067 1927; baseline -0.008 0"><span class='ocrx_word' id='word_1_266' title='bbox 700 1897 828 1927; x_wconf 87' lang='lat' dir='ltr'>autem</span> <span class='ocrx_word' id='word_1_267' title='bbox 848 1897 984 1926; x_wconf 89' lang='lat' dir='ltr'>tenens</span> <span class='ocrx_word' id='word_1_268' title='bbox 1003 1900 1067 1925; x_wconf 75' lang='lat' dir='ltr'>ma</span> 
     </span>
     <span class='ocr_line' id='line_1_82' title="bbox 700 1942 1094 1981; baseline -0.005 -1"><span class='ocrx_word' id='word_1_269' title='bbox 700 1956 794 1980; x_wconf 90' lang='lat' dir='ltr'>num</span> <span class='ocrx_word' id='word_1_270' title='bbox 814 1943 894 1981; x_wconf 88' lang='lat' dir='ltr'>eius</span> <span class='ocrx_word' id='word_1_271' title='bbox 914 1942 1094 1980; x_wconf 85' lang='lat' dir='ltr'>clamauit</span> 
     </span>
     <span class='ocr_line' id='line_1_83' title="bbox 701 1996 1062 2045; baseline -0.008 -10"><span class='ocrx_word' id='word_1_272' title='bbox 701 1998 834 2035; x_wconf 91' lang='lat' dir='ltr'>dicens</span> <span class='ocrx_word' id='word_1_273' title='bbox 853 1996 979 2045; x_wconf 89' lang='lat' dir='ltr'>puella</span> <span class='ocrx_word' id='word_1_274' title='bbox 1000 2008 1062 2033; x_wconf 89' lang='lat' dir='ltr'>sur</span> 
     </span>
    </p>

    <p class='ocr_par' dir='ltr' id='par_1_34' title="bbox 701 2049 1125 2196">
     <span class='ocr_line' id='line_1_84' title="bbox 701 2049 1100 2101; baseline -0.005 -13"><span class='ocrx_word' id='word_1_275' title='bbox 701 2064 749 2101; x_wconf 87' lang='lat' dir='ltr'>ge</span> <span class='ocrx_word' id='word_1_276' title='bbox 823 2051 893 2088; x_wconf 83' lang='lat' dir='ltr'>55et</span> <span class='ocrx_word' id='word_1_277' title='bbox 914 2049 1100 2088; x_wconf 90' lang='lat' dir='ltr'>conuertit</span> 
     </span>
     <span class='ocr_line' id='line_1_85' title="bbox 702 2104 1125 2154; baseline -0.002 -13"><span class='ocrx_word' id='word_1_278' title='bbox 702 2108 787 2154; x_wconf 73' lang='lat' dir='ltr'>spm</span> <span class='ocrx_word' id='word_1_279' title='bbox 808 2105 888 2142; x_wconf 88' lang='lat' dir='ltr'>eius</span> <span class='ocrx_word' id='word_1_280' title='bbox 909 2110 945 2141; x_wconf 91' lang='lat' dir='ltr'>et</span> <span class='ocrx_word' id='word_1_281' title='bbox 965 2104 1125 2141; x_wconf 86' lang='lat' dir='ltr'>surrexit</span> 
     </span>
     <span class='ocr_line' id='line_1_86' title="bbox 701 2157 1065 2196; baseline -0.008 0"><span class='ocrx_word' id='word_1_282' title='bbox 701 2159 882 2196; x_wconf 89' lang='lat' dir='ltr'>continuo</span> <span class='ocrx_word' id='word_1_283' title='bbox 904 2164 941 2195; x_wconf 92' lang='lat' dir='ltr'>et</span> <span class='ocrx_word' id='word_1_284' title='bbox 961 2157 1065 2194; x_wconf 85' lang='lat' dir='ltr'>iussit</span> 
     </span>
    </p>

    <p class='ocr_par' dir='ltr' id='par_1_35' title="bbox 701 2211 1075 2249">
     <span class='ocr_line' id='line_1_87' title="bbox 701 2211 1075 2249; baseline -0.005 0"><span class='ocrx_word' id='word_1_285' title='bbox 701 2213 753 2249; x_wconf 90' lang='lat' dir='ltr'>illi</span> <span class='ocrx_word' id='word_1_286' title='bbox 774 2213 863 2249; x_wconf 87' lang='lat' dir='ltr'>dare</span> <span class='ocrx_word' id='word_1_287' title='bbox 883 2211 1075 2248; x_wconf 89' lang='lat' dir='ltr'>manduca</span> 
     </span>
    </p>

    <p class='ocr_par' dir='ltr' id='par_1_36' title="bbox 701 2266 1202 2635">
     <span class='ocr_line' id='line_1_88' title="bbox 701 2266 1146 2314; baseline -0.004 -11"><span class='ocrx_word' id='word_1_288' title='bbox 701 2278 741 2303; x_wconf 92' lang='lat' dir='ltr'>re</span> <span class='ocrx_word' id='word_1_289' title='bbox 760 2266 830 2303; x_wconf 73' lang='lat' dir='ltr'>⁵⁶et</span> <span class='ocrx_word' id='word_1_290' title='bbox 850 2270 1076 2314; x_wconf 87' lang='lat' dir='ltr'>stupuerunt</span> <span class='ocrx_word' id='word_1_291' title='bbox 1097 2276 1146 2313; x_wconf 85' lang='lat' dir='ltr'>pa</span> 
     </span>
     <span class='ocr_line' id='line_1_89' title="bbox 702 2319 1084 2367; baseline -0.008 -10"><span class='ocrx_word' id='word_1_292' title='bbox 702 2327 826 2357; x_wconf 92' lang='lat' dir='ltr'>rentes</span> <span class='ocrx_word' id='word_1_293' title='bbox 847 2319 927 2355; x_wconf 90' lang='lat' dir='ltr'>eius</span> <span class='ocrx_word' id='word_1_294' title='bbox 947 2319 1084 2367; x_wconf 86' lang='lat' dir='ltr'>quibus</span> 
     </span>
     <span class='ocr_line' id='line_1_90' title="bbox 701 2372 1070 2423; baseline -0.005 -13"><span class='ocrx_word' id='word_1_295' title='bbox 701 2373 871 2423; x_wconf 86' lang='lat' dir='ltr'>precepit</span> <span class='ocrx_word' id='word_1_296' title='bbox 891 2385 939 2409; x_wconf 93' lang='lat' dir='ltr'>ne</span> <span class='ocrx_word' id='word_1_297' title='bbox 959 2372 1070 2409; x_wconf 88' lang='lat' dir='ltr'>alicui</span> 
     </span>
     <span class='ocr_line' id='line_1_91' title="bbox 703 2425 1073 2475; baseline -0.005 -11"><span class='ocrx_word' id='word_1_298' title='bbox 703 2428 870 2464; x_wconf 87' lang='lat' dir='ltr'>dicerent</span> <span class='ocrx_word' id='word_1_299' title='bbox 889 2426 994 2475; x_wconf 91' lang='lat' dir='ltr'>quod</span> <span class='ocrx_word' id='word_1_300' title='bbox 1015 2425 1073 2462; x_wconf 79' lang='lat' dir='ltr'>fac</span> 
     </span>
     <span class='ocr_line' id='line_1_92' title="bbox 702 2476 1201 2530; baseline -0.008 -12"><span class='ocrx_word' id='word_1_301' title='bbox 702 2488 784 2518; x_wconf 87' lang='lat' dir='ltr'>tum</span> <span class='ocrx_word' id='word_1_302' title='bbox 805 2492 845 2517; x_wconf 89' lang='lat' dir='ltr'>es</span> <span class='ocrx_word' id='word_1_303' title='bbox 1074 2476 1201 2530; x_wconf 66' lang='lat' dir='ltr'>[aule-</span> 
     </span>
     <span class='ocr_line' id='line_1_93' title="bbox 703 2532 1202 2570; baseline -0.002 -1"><span class='ocrx_word' id='word_1_304' title='bbox 703 2543 835 2569; x_wconf 79' lang='lat' dir='ltr'><strong><em>XXHII</em></strong></span> <span class='ocrx_word' id='word_1_305' title='bbox 884 2541 901 2570; x_wconf 84' lang='lat'>9</span> <span class='ocrx_word' id='word_1_306' title='bbox 913 2532 925 2552; x_wconf 85' lang='lat'>¹</span> <span class='ocrx_word' id='word_1_307' title='bbox 982 2532 1202 2570; x_wconf 52' lang='lat' dir='ltr'>Conuocatzs</span> 
     </span>
     <span class='ocr_line' id='line_1_94' title="bbox 703 2586 1076 2635; baseline -0.003 -11"><span class='ocrx_word' id='word_1_308' title='bbox 703 2587 907 2624; x_wconf 89' lang='lat' dir='ltr'>duodecim</span> <span class='ocrx_word' id='word_1_309' title='bbox 926 2586 1076 2635; x_wconf 87' lang='lat' dir='ltr'>discipu</span> 
     </span>
    </p>

    <p class='ocr_par' dir='ltr' id='par_1_37' title="bbox 703 2640 1130 2893">
     <span class='ocr_line' id='line_1_95' title="bbox 703 2640 1130 2678; baseline -0.002 -1"><span class='ocrx_word' id='word_1_310' title='bbox 703 2641 748 2677; x_wconf 89' lang='lat' dir='ltr'>lis</span> <span class='ocrx_word' id='word_1_311' title='bbox 769 2641 843 2678; x_wconf 91' lang='lat' dir='ltr'>suis</span> <span class='ocrx_word' id='word_1_312' title='bbox 865 2641 965 2678; x_wconf 90' lang='lat' dir='ltr'>dedit</span> <span class='ocrx_word' id='word_1_313' title='bbox 985 2640 1054 2677; x_wconf 87' lang='lat' dir='ltr'>illis</span> <span class='ocrx_word' id='word_1_314' title='bbox 1074 2640 1130 2677; x_wconf 90' lang='lat' dir='ltr'>uir</span> 
     </span>
     <span class='ocr_line' id='line_1_96' title="bbox 704 2700 1116 2744; baseline 0 -13"><span class='ocrx_word' id='word_1_315' title='bbox 704 2701 823 2732; x_wconf 90' lang='lat' dir='ltr'>tutem</span> <span class='ocrx_word' id='word_1_316' title='bbox 843 2702 881 2732; x_wconf 92' lang='lat' dir='ltr'>et</span> <span class='ocrx_word' id='word_1_317' title='bbox 900 2700 1116 2744; x_wconf 70' lang='lat' dir='ltr'>potestate-</span> 
     </span>
     <span class='ocr_line' id='line_1_97' title="bbox 706 2748 1104 2797; baseline 0 -12"><span class='ocrx_word' id='word_1_318' title='bbox 706 2760 819 2797; x_wconf 89' lang='lat' dir='ltr'>super</span> <span class='ocrx_word' id='word_1_319' title='bbox 840 2749 970 2786; x_wconf 80' lang='lat' dir='ltr'>omnia</span> <span class='ocrx_word' id='word_1_320' title='bbox 990 2748 1104 2785; x_wconf 89' lang='lat' dir='ltr'>demo</span> 
     </span>
     <span class='ocr_line' id='line_1_98' title="bbox 705 2802 1106 2852; baseline 0 -13"><span class='ocrx_word' id='word_1_321' title='bbox 705 2803 769 2839; x_wconf 87' lang='lat' dir='ltr'>nia</span> <span class='ocrx_word' id='word_1_322' title='bbox 787 2809 824 2839; x_wconf 95' lang='lat' dir='ltr'>et</span> <span class='ocrx_word' id='word_1_323' title='bbox 843 2809 884 2839; x_wconf 92' lang='lat' dir='ltr'>ut</span> <span class='ocrx_word' id='word_1_324' title='bbox 904 2802 1106 2852; x_wconf 82' lang='lat' dir='ltr'>languores</span> 
     </span>
     <span class='ocr_line' id='line_1_99' title="bbox 706 2863 883 2893; baseline 0.006 -2"><span class='ocrx_word' id='word_1_325' title='bbox 706 2863 883 2893; x_wconf 83' lang='lat' dir='ltr'>curarent</span> 
     </span>
    </p>

    <p class='ocr_par' dir='ltr' id='par_1_38' title="bbox 708 2908 1172 2958">
     <span class='ocr_line' id='line_1_100' title="bbox 708 2908 1172 2958; baseline 0.002 -14"><span class='ocrx_word' id='word_1_326' title='bbox 708 2908 776 2946; x_wconf 80' lang='lat' dir='ltr'>2Et</span> <span class='ocrx_word' id='word_1_327' title='bbox 795 2910 894 2947; x_wconf 89' lang='lat' dir='ltr'>misit</span> <span class='ocrx_word' id='word_1_328' title='bbox 912 2909 997 2947; x_wconf 90' lang='lat' dir='ltr'>illos</span> <span class='ocrx_word' id='word_1_329' title='bbox 1018 2908 1172 2958; x_wconf 85' lang='lat' dir='ltr'>predica</span> 
     </span>
    </p>
   </div>
   <div class='ocr_carea' id='block_1_14' title="bbox 1614 180 2288 235">
    <p class='ocr_par' dir='ltr' id='par_1_39' title="bbox 1614 180 2288 235">
     <span class='ocr_line' id='line_1_101' title="bbox 1614 180 2288 235; baseline 0.001 -16"><span class='ocrx_word' id='word_1_330' title='bbox 1614 181 1917 221; x_wconf 77' lang='lat' dir='ltr'><em>LUCANUM</em></span> <span class='ocrx_word' id='word_1_331' title='bbox 1965 180 2068 235; x_wconf 86' lang='lat' dir='ltr'>[vm.</span> <span class='ocrx_word' id='word_1_332' title='bbox 2089 195 2213 230; x_wconf 90' lang='lat' dir='ltr'>41—1x.</span> <span class='ocrx_word' id='word_1_333' title='bbox 2236 189 2288 220; x_wconf 90' lang='lat'>16.</span> 
     </span>
    </p>
   </div>
   <div class='ocr_carea' id='block_1_15' title="bbox 1263 270 1712 1582">
    <p class='ocr_par' dir='ltr' id='par_1_40' title="bbox 1264 270 1437 300">
     <span class='ocr_line' id='line_1_102' title="bbox 1264 270 1437 300; baseline -0.006 -1"><span class='ocrx_word' id='word_1_334' title='bbox 1264 270 1344 300; x_wconf 70' lang='lat' dir='ltr'>Pol.</span> <span class='ocrx_word' id='word_1_335' title='bbox 1361 271 1437 299; x_wconf 84' lang='lat'>114.</span> 
     </span>
    </p>

    <p class='ocr_par' dir='ltr' id='par_1_41' title="bbox 1264 310 1684 402">
     <span class='ocr_line' id='line_1_103' title="bbox 1265 310 1684 360; baseline 0 -11"><span class='ocrx_word' id='word_1_336' title='bbox 1265 312 1324 349; x_wconf 89' lang='lat' dir='ltr'>Re</span> <span class='ocrx_word' id='word_1_337' title='bbox 1344 323 1506 360; x_wconf 87' lang='lat' dir='ltr'>regnum</span> <span class='ocrx_word' id='word_1_338' title='bbox 1526 310 1565 348; x_wconf 71' lang='lat' dir='ltr'>di</span> <span class='ocrx_word' id='word_1_339' title='bbox 1585 317 1621 349; x_wconf 88' lang='lat' dir='ltr'>et</span> <span class='ocrx_word' id='word_1_340' title='bbox 1641 323 1684 349; x_wconf 86' lang='lat' dir='ltr'>sa</span> 
     </span>
     <span class='ocr_line' id='line_1_104' title="bbox 1264 366 1546 402; baseline -0.004 0"><span class='ocrx_word' id='word_1_341' title='bbox 1264 378 1356 402; x_wconf 89' lang='lat' dir='ltr'>nare</span> <span class='ocrx_word' id='word_1_342' title='bbox 1375 366 1546 402; x_wconf 88' lang='lat' dir='ltr'>infirmos</span> 
     </span>
    </p>

    <p class='ocr_par' dir='ltr' id='par_1_42' title="bbox 1263 417 1712 830">
     <span class='ocr_line' id='line_1_105' title="bbox 1263 417 1700 456; baseline -0.005 0"><span class='ocrx_word' id='word_1_343' title='bbox 1263 419 1332 456; x_wconf 77' lang='lat' dir='ltr'>3Et</span> <span class='ocrx_word' id='word_1_344' title='bbox 1351 419 1401 455; x_wconf 87' lang='lat' dir='ltr'>ait</span> <span class='ocrx_word' id='word_1_345' title='bbox 1421 418 1491 454; x_wconf 88' lang='lat' dir='ltr'>illis</span> <span class='ocrx_word' id='word_1_346' title='bbox 1511 418 1604 454; x_wconf 88' lang='lat' dir='ltr'>nihil</span> <span class='ocrx_word' id='word_1_347' title='bbox 1624 417 1700 455; x_wconf 87' lang='lat' dir='ltr'>tule</span> 
     </span>
     <span class='ocr_line' id='line_1_106' title="bbox 1264 472 1669 519; baseline -0.002 -10"><span class='ocrx_word' id='word_1_348' title='bbox 1264 473 1342 509; x_wconf 89' lang='lat' dir='ltr'>ritis</span> <span class='ocrx_word' id='word_1_349' title='bbox 1362 472 1400 508; x_wconf 89' lang='lat' dir='ltr'>in</span> <span class='ocrx_word' id='word_1_350' title='bbox 1421 473 1524 508; x_wconf 85' lang='lat' dir='ltr'>uiam</span> <span class='ocrx_word' id='word_1_351' title='bbox 1544 483 1669 519; x_wconf 89' lang='lat' dir='ltr'>neque</span> 
     </span>
     <span class='ocr_line' id='line_1_107' title="bbox 1265 527 1712 575; baseline -0.002 -13"><span class='ocrx_word' id='word_1_352' title='bbox 1265 527 1413 575; x_wconf 79' lang='lat' dir='ltr'>uirgam</span> <span class='ocrx_word' id='word_1_353' title='bbox 1434 537 1558 574; x_wconf 87' lang='lat' dir='ltr'>neque</span> <span class='ocrx_word' id='word_1_354' title='bbox 1578 530 1712 573; x_wconf 70' lang='lat' dir='ltr'>petra-</span> 
     </span>
     <span class='ocr_line' id='line_1_108' title="bbox 1265 579 1621 628; baseline -0.003 -12"><span class='ocrx_word' id='word_1_355' title='bbox 1265 591 1389 628; x_wconf 91' lang='lat' dir='ltr'>neque</span> <span class='ocrx_word' id='word_1_356' title='bbox 1410 579 1621 616; x_wconf 86' lang='lat' dir='ltr'>calciamen</span> 
     </span>
     <span class='ocr_line' id='line_1_109' title="bbox 1264 639 1661 681; baseline -0.003 -11"><span class='ocrx_word' id='word_1_357' title='bbox 1264 640 1345 670; x_wconf 89' lang='lat' dir='ltr'>tum</span> <span class='ocrx_word' id='word_1_358' title='bbox 1383 645 1507 681; x_wconf 90' lang='lat' dir='ltr'>neque</span> <span class='ocrx_word' id='word_1_359' title='bbox 1528 639 1661 681; x_wconf 69' lang='lat' dir='ltr'>pane-</span> 
     </span>
     <span class='ocr_line' id='line_1_110' title="bbox 1265 687 1612 736; baseline -0.009 -12"><span class='ocrx_word' id='word_1_360' title='bbox 1265 699 1389 736; x_wconf 90' lang='lat' dir='ltr'>neque</span> <span class='ocrx_word' id='word_1_361' title='bbox 1410 687 1612 735; x_wconf 83' lang='lat' dir='ltr'>pecuniam</span> 
     </span>
     <span class='ocr_line' id='line_1_111' title="bbox 1265 740 1671 789; baseline 0 -13"><span class='ocrx_word' id='word_1_362' title='bbox 1265 753 1389 789; x_wconf 89' lang='lat' dir='ltr'>neque</span> <span class='ocrx_word' id='word_1_363' title='bbox 1410 741 1504 777; x_wconf 82' lang='lat' dir='ltr'>duas</span> <span class='ocrx_word' id='word_1_364' title='bbox 1523 740 1671 777; x_wconf 84' lang='lat' dir='ltr'>tunicas</span> 
     </span>
     <span class='ocr_line' id='line_1_112' title="bbox 1264 794 1436 830; baseline 0 0"><span class='ocrx_word' id='word_1_365' title='bbox 1264 794 1436 830; x_wconf 88' lang='lat' dir='ltr'>habeatis</span> 
     </span>
    </p>

    <p class='ocr_par' dir='ltr' id='par_1_43' title="bbox 1264 845 1668 1056">
     <span class='ocr_line' id='line_1_113' title="bbox 1265 845 1668 896; baseline 0 -13"><span class='ocrx_word' id='word_1_366' title='bbox 1265 847 1333 883; x_wconf 81' lang='lat' dir='ltr'>‘¹In</span> <span class='ocrx_word' id='word_1_367' title='bbox 1353 858 1596 896; x_wconf 87' lang='lat' dir='ltr'>quacumque</span> <span class='ocrx_word' id='word_1_368' title='bbox 1617 845 1668 883; x_wconf 92' lang='lat' dir='ltr'>do</span> 
     </span>
     <span class='ocr_line' id='line_1_114' title="bbox 1264 908 1618 937; baseline -0.006 0"><span class='ocrx_word' id='word_1_369' title='bbox 1264 913 1372 937; x_wconf 88' lang='lat' dir='ltr'>mum</span> <span class='ocrx_word' id='word_1_370' title='bbox 1392 908 1618 937; x_wconf 78' lang='lat' dir='ltr'>intraueritis</span> 
     </span>
     <span class='ocr_line' id='line_1_115' title="bbox 1265 953 1653 991; baseline 0.003 -1"><span class='ocrx_word' id='word_1_371' title='bbox 1265 955 1316 991; x_wconf 92' lang='lat' dir='ltr'>ibi</span> <span class='ocrx_word' id='word_1_372' title='bbox 1336 962 1488 991; x_wconf 85' lang='lat' dir='ltr'>manate</span> <span class='ocrx_word' id='word_1_373' title='bbox 1509 961 1545 990; x_wconf 90' lang='lat' dir='ltr'>et</span> <span class='ocrx_word' id='word_1_374' title='bbox 1564 953 1653 991; x_wconf 88' lang='lat' dir='ltr'>inde</span> 
     </span>
     <span class='ocr_line' id='line_1_116' title="bbox 1264 1007 1547 1056; baseline -0.007 -11"><span class='ocrx_word' id='word_1_375' title='bbox 1264 1007 1547 1056; x_wconf 88' lang='lat' dir='ltr'>proficiscimini</span> 
     </span>
    </p>

    <p class='ocr_par' dir='ltr' id='par_1_44' title="bbox 1264 1061 1688 1367">
     <span class='ocr_line' id='line_1_117' title="bbox 1265 1061 1688 1110; baseline -0.002 -12"><span class='ocrx_word' id='word_1_376' title='bbox 1265 1061 1335 1098; x_wconf 90' lang='lat' dir='ltr'>⁵Et</span> <span class='ocrx_word' id='word_1_377' title='bbox 1355 1061 1588 1110; x_wconf 85' lang='lat' dir='ltr'>quicumque</span> <span class='ocrx_word' id='word_1_378' title='bbox 1608 1073 1688 1098; x_wconf 90' lang='lat' dir='ltr'>non</span> 
     </span>
     <span class='ocr_line' id='line_1_118' title="bbox 1264 1115 1563 1164; baseline 0 -13"><span class='ocrx_word' id='word_1_379' title='bbox 1264 1115 1472 1164; x_wconf 90' lang='lat' dir='ltr'>receperint</span> <span class='ocrx_word' id='word_1_380' title='bbox 1493 1127 1563 1152; x_wconf 86' lang='lat' dir='ltr'>uos</span> 
     </span>
     <span class='ocr_line' id='line_1_119' title="bbox 1265 1168 1653 1206; baseline -0.003 -1"><span class='ocrx_word' id='word_1_381' title='bbox 1265 1177 1451 1206; x_wconf 86' lang='lat' dir='ltr'>exeuntes</span> <span class='ocrx_word' id='word_1_382' title='bbox 1473 1169 1520 1206; x_wconf 91' lang='lat' dir='ltr'>de</span> <span class='ocrx_word' id='word_1_383' title='bbox 1541 1168 1653 1206; x_wconf 85' lang='lat' dir='ltr'>ciuita</span> 
     </span>
     <span class='ocr_line' id='line_1_120' title="bbox 1265 1222 1642 1270; baseline -0.005 -10"><span class='ocrx_word' id='word_1_384' title='bbox 1265 1230 1302 1260; x_wconf 91' lang='lat' dir='ltr'>te</span> <span class='ocrx_word' id='word_1_385' title='bbox 1323 1222 1424 1259; x_wconf 87' lang='lat' dir='ltr'>illam</span> <span class='ocrx_word' id='word_1_386' title='bbox 1444 1223 1557 1259; x_wconf 84' lang='lat' dir='ltr'>etiam</span> <span class='ocrx_word' id='word_1_387' title='bbox 1577 1222 1642 1270; x_wconf 89' lang='lat' dir='ltr'>pul</span> 
     </span>
     <span class='ocr_line' id='line_1_121' title="bbox 1265 1276 1646 1325; baseline -0.003 -12"><span class='ocrx_word' id='word_1_388' title='bbox 1265 1288 1394 1313; x_wconf 85' lang='lat' dir='ltr'>nerem</span> <span class='ocrx_word' id='word_1_389' title='bbox 1416 1276 1462 1312; x_wconf 93' lang='lat' dir='ltr'>de</span> <span class='ocrx_word' id='word_1_390' title='bbox 1483 1276 1646 1325; x_wconf 85' lang='lat' dir='ltr'>pedibus</span> 
     </span>
     <span class='ocr_line' id='line_1_122' title="bbox 1265 1330 1584 1367; baseline -0.003 0"><span class='ocrx_word' id='word_1_391' title='bbox 1265 1330 1400 1367; x_wconf 90' lang='lat' dir='ltr'>uestris</span> <span class='ocrx_word' id='word_1_392' title='bbox 1420 1330 1584 1366; x_wconf 82' lang='lat' dir='ltr'>excutite</span> 
     </span>
    </p>

    <p class='ocr_par' dir='ltr' id='par_1_45' title="bbox 1264 1384 1648 1485">
     <span class='ocr_line' id='line_1_123' title="bbox 1265 1384 1648 1421; baseline -0.003 -1"><span class='ocrx_word' id='word_1_393' title='bbox 1265 1384 1303 1420; x_wconf 89' lang='lat' dir='ltr'>in</span> <span class='ocrx_word' id='word_1_394' title='bbox 1323 1384 1585 1421; x_wconf 86' lang='lat' dir='ltr'>testimonium</span> <span class='ocrx_word' id='word_1_395' title='bbox 1605 1394 1648 1420; x_wconf 91' lang='lat' dir='ltr'>su</span> 
     </span>
     <span class='ocr_line' id='line_1_124' title="bbox 1264 1437 1436 1485; baseline 0 -11"><span class='ocrx_word' id='word_1_396' title='bbox 1264 1449 1333 1485; x_wconf 90' lang='lat' dir='ltr'>per</span> <span class='ocrx_word' id='word_1_397' title='bbox 1351 1437 1436 1474; x_wconf 90' lang='lat' dir='ltr'>illos</span> 
     </span>
    </p>

    <p class='ocr_par' dir='ltr' id='par_1_46' title="bbox 1264 1489 1661 1582">
     <span class='ocr_line' id='line_1_125' title="bbox 1265 1489 1661 1539; baseline -0.008 -11"><span class='ocrx_word' id='word_1_398' title='bbox 1265 1491 1440 1539; x_wconf 79' lang='lat' dir='ltr'>⁶Egressi</span> <span class='ocrx_word' id='word_1_399' title='bbox 1461 1496 1588 1527; x_wconf 88' lang='lat' dir='ltr'>autem</span> <span class='ocrx_word' id='word_1_400' title='bbox 1609 1489 1661 1526; x_wconf 90' lang='lat' dir='ltr'>cir</span> 
     </span>
     <span class='ocr_line' id='line_1_126' title="bbox 1264 1544 1648 1582; baseline -0.008 0"><span class='ocrx_word' id='word_1_401' title='bbox 1264 1545 1459 1582; x_wconf 83' lang='lat' dir='ltr'>cumibant</span> <span class='ocrx_word' id='word_1_402' title='bbox 1478 1544 1648 1581; x_wconf 85' lang='lat' dir='ltr'>ciuitates</span> 
     </span>
    </p>
   </div>
   <div class='ocr_carea' id='block_1_16' title="bbox 1263 1671 1735 2958">
    <p class='ocr_par' dir='ltr' id='par_1_47' title="bbox 1263 1671 1735 2526">
     <span class='ocr_line' id='line_1_127' title="bbox 1265 1671 1642 1720; baseline -0.003 -10"><span class='ocrx_word' id='word_1_403' title='bbox 1265 1679 1302 1710; x_wconf 89' lang='lat' dir='ltr'>et</span> <span class='ocrx_word' id='word_1_404' title='bbox 1322 1671 1474 1710; x_wconf 83' lang='lat' dir='ltr'>castella</span> <span class='ocrx_word' id='word_1_405' title='bbox 1493 1684 1642 1720; x_wconf 86' lang='lat' dir='ltr'>euange</span> 
     </span>
     <span class='ocr_line' id='line_1_128' title="bbox 1263 1726 1613 1763; baseline -0.003 -1"><span class='ocrx_word' id='word_1_406' title='bbox 1263 1726 1419 1763; x_wconf 86' lang='lat' dir='ltr'>lizantes</span> <span class='ocrx_word' id='word_1_407' title='bbox 1439 1733 1475 1762; x_wconf 91' lang='lat' dir='ltr'>et</span> <span class='ocrx_word' id='word_1_408' title='bbox 1495 1737 1613 1763; x_wconf 85' lang='lat' dir='ltr'>curan</span> 
     </span>
     <span class='ocr_line' id='line_1_129' title="bbox 1264 1780 1484 1828; baseline -0.009 -11"><span class='ocrx_word' id='word_1_409' title='bbox 1264 1787 1321 1817; x_wconf 91' lang='lat' dir='ltr'>tes</span> <span class='ocrx_word' id='word_1_410' title='bbox 1341 1780 1484 1828; x_wconf 90' lang='lat' dir='ltr'>ubique</span> 
     </span>
     <span class='ocr_line' id='line_1_130' title="bbox 1263 1832 1658 1870; baseline 0 0"><span class='ocrx_word' id='word_1_411' title='bbox 1263 1834 1442 1870; x_wconf 71' lang='lat' dir='ltr'>7Audiuit</span> <span class='ocrx_word' id='word_1_412' title='bbox 1463 1840 1590 1870; x_wconf 87' lang='lat' dir='ltr'>autem</span> <span class='ocrx_word' id='word_1_413' title='bbox 1609 1832 1658 1870; x_wconf 90' lang='lat' dir='ltr'>he</span> 
     </span>
     <span class='ocr_line' id='line_1_131' title="bbox 1265 1887 1586 1925; baseline -0.003 -1"><span class='ocrx_word' id='word_1_414' title='bbox 1265 1888 1377 1925; x_wconf 91' lang='lat' dir='ltr'>rodes</span> <span class='ocrx_word' id='word_1_415' title='bbox 1398 1887 1586 1924; x_wconf 78' lang='lat' dir='ltr'>tetrarcha</span> 
     </span>
     <span class='ocr_line' id='line_1_132' title="bbox 1265 1942 1619 1990; baseline -0.003 -12"><span class='ocrx_word' id='word_1_416' title='bbox 1265 1942 1396 1978; x_wconf 88' lang='lat' dir='ltr'>omnia</span> <span class='ocrx_word' id='word_1_417' title='bbox 1416 1953 1514 1990; x_wconf 88' lang='lat' dir='ltr'>quae</span> <span class='ocrx_word' id='word_1_418' title='bbox 1535 1947 1619 1978; x_wconf 84' lang='lat' dir='ltr'>rant</span> 
     </span>
     <span class='ocr_line' id='line_1_133' title="bbox 1264 1995 1613 2032; baseline -0.003 0"><span class='ocrx_word' id='word_1_419' title='bbox 1264 1995 1365 2032; x_wconf 82' lang='lat' dir='ltr'>facta</span> <span class='ocrx_word' id='word_1_420' title='bbox 1403 2003 1440 2031; x_wconf 89' lang='lat' dir='ltr'>et</span> <span class='ocrx_word' id='word_1_421' title='bbox 1460 2002 1613 2031; x_wconf 90' lang='lat' dir='ltr'>conster</span> 
     </span>
     <span class='ocr_line' id='line_1_134' title="bbox 1265 2047 1618 2097; baseline -0.006 -11"><span class='ocrx_word' id='word_1_422' title='bbox 1265 2049 1427 2086; x_wconf 85' lang='lat' dir='ltr'>nabatur</span> <span class='ocrx_word' id='word_1_423' title='bbox 1447 2060 1493 2085; x_wconf 93' lang='lat' dir='ltr'>eo</span> <span class='ocrx_word' id='word_1_424' title='bbox 1514 2047 1618 2097; x_wconf 90' lang='lat' dir='ltr'>quod</span> 
     </span>
     <span class='ocr_line' id='line_1_135' title="bbox 1265 2103 1651 2151; baseline 0 -13"><span class='ocrx_word' id='word_1_425' title='bbox 1265 2103 1450 2139; x_wconf 89' lang='lat' dir='ltr'>diceretur</span> <span class='ocrx_word' id='word_1_426' title='bbox 1470 2115 1492 2139; x_wconf 89' lang='lat' dir='ltr'>a</span> <span class='ocrx_word' id='word_1_427' title='bbox 1513 2103 1651 2151; x_wconf 90' lang='lat' dir='ltr'>quibus</span> 
     </span>
     <span class='ocr_line' id='line_1_136' title="bbox 1265 2156 1663 2205; baseline -0.003 -13"><span class='ocrx_word' id='word_1_428' title='bbox 1265 2156 1354 2193; x_wconf 88' lang='lat' dir='ltr'>dam</span> <span class='ocrx_word' id='word_1_429' title='bbox 1376 2157 1465 2205; x_wconf 87' lang='lat' dir='ltr'>quia</span> <span class='ocrx_word' id='word_1_430' title='bbox 1484 2156 1663 2193; x_wconf 86' lang='lat' dir='ltr'>iohannis</span> 
     </span>
     <span class='ocr_line' id='line_1_137' title="bbox 1265 2210 1646 2247; baseline -0.003 0"><span class='ocrx_word' id='word_1_431' title='bbox 1265 2210 1425 2247; x_wconf 80' lang='lat' dir='ltr'>surrexit</span> <span class='ocrx_word' id='word_1_432' title='bbox 1446 2222 1468 2247; x_wconf 91' lang='lat' dir='ltr'>a</span> <span class='ocrx_word' id='word_1_433' title='bbox 1487 2210 1646 2246; x_wconf 86' lang='lat' dir='ltr'>mortuis</span> 
     </span>
     <span class='ocr_line' id='line_1_138' title="bbox 1265 2264 1708 2313; baseline -0.002 -13"><span class='ocrx_word' id='word_1_434' title='bbox 1265 2264 1309 2300; x_wconf 66' lang='lat' dir='ltr'>8a</span> <span class='ocrx_word' id='word_1_435' title='bbox 1328 2264 1560 2313; x_wconf 84' lang='lat' dir='ltr'>quibusdam</span> <span class='ocrx_word' id='word_1_436' title='bbox 1580 2270 1708 2300; x_wconf 80' lang='lat' dir='ltr'>autem</span> 
     </span>
     <span class='ocr_line' id='line_1_139' title="bbox 1267 2317 1675 2366; baseline -0.002 -12"><span class='ocrx_word' id='word_1_437' title='bbox 1267 2317 1370 2366; x_wconf 89' lang='lat' dir='ltr'>quod</span> <span class='ocrx_word' id='word_1_438' title='bbox 1390 2317 1508 2355; x_wconf 89' lang='lat' dir='ltr'>helias</span> <span class='ocrx_word' id='word_1_439' title='bbox 1527 2329 1675 2366; x_wconf 86' lang='lat' dir='ltr'>apparu</span> 
     </span>
     <span class='ocr_line' id='line_1_140' title="bbox 1265 2370 1735 2420; baseline -0.002 -12"><span class='ocrx_word' id='word_1_440' title='bbox 1265 2372 1293 2408; x_wconf 91' lang='lat' dir='ltr'>it</span> <span class='ocrx_word' id='word_1_441' title='bbox 1313 2372 1362 2408; x_wconf 84' lang='lat' dir='ltr'>ab</span> <span class='ocrx_word' id='word_1_442' title='bbox 1384 2371 1464 2408; x_wconf 90' lang='lat' dir='ltr'>aliis</span> <span class='ocrx_word' id='word_1_443' title='bbox 1483 2377 1610 2408; x_wconf 88' lang='lat' dir='ltr'>autem</span> <span class='ocrx_word' id='word_1_444' title='bbox 1631 2370 1735 2420; x_wconf 91' lang='lat' dir='ltr'>quod</span> 
     </span>
     <span class='ocr_line' id='line_1_141' title="bbox 1267 2424 1671 2474; baseline 0.002 -14"><span class='ocrx_word' id='word_1_445' title='bbox 1267 2424 1414 2474; x_wconf 84' lang='lat' dir='ltr'>profeta</span> <span class='ocrx_word' id='word_1_446' title='bbox 1434 2437 1532 2461; x_wconf 88' lang='lat' dir='ltr'>unus</span> <span class='ocrx_word' id='word_1_447' title='bbox 1554 2425 1600 2462; x_wconf 89' lang='lat' dir='ltr'>de</span> <span class='ocrx_word' id='word_1_448' title='bbox 1620 2437 1671 2461; x_wconf 87' lang='lat' dir='ltr'>an</span> 
     </span>
     <span class='ocr_line' id='line_1_142' title="bbox 1267 2478 1561 2526; baseline 0 -12"><span class='ocrx_word' id='word_1_449' title='bbox 1267 2478 1379 2526; x_wconf 85' lang='lat' dir='ltr'>tiquis</span> <span class='ocrx_word' id='word_1_450' title='bbox 1400 2479 1561 2515; x_wconf 81' lang='lat' dir='ltr'>surrexit</span> 
     </span>
    </p>

    <p class='ocr_par' dir='ltr' id='par_1_48' title="bbox 1267 2531 1680 2784">
     <span class='ocr_line' id='line_1_143' title="bbox 1267 2531 1680 2569; baseline 0.002 -1"><span class='ocrx_word' id='word_1_451' title='bbox 1267 2533 1350 2569; x_wconf 73' lang='lat' dir='ltr'>⁹Ait</span> <span class='ocrx_word' id='word_1_452' title='bbox 1371 2539 1499 2569; x_wconf 87' lang='lat' dir='ltr'>autem</span> <span class='ocrx_word' id='word_1_453' title='bbox 1519 2531 1680 2569; x_wconf 87' lang='lat' dir='ltr'>herodes</span> 
     </span>
     <span class='ocr_line' id='line_1_144' title="bbox 1269 2585 1638 2635; baseline 0 -13"><span class='ocrx_word' id='word_1_454' title='bbox 1269 2586 1476 2623; x_wconf 86' lang='lat' dir='ltr'>iohannem</span> <span class='ocrx_word' id='word_1_455' title='bbox 1496 2597 1570 2635; x_wconf 88' lang='lat' dir='ltr'>ego</span> <span class='ocrx_word' id='word_1_456' title='bbox 1590 2585 1638 2622; x_wconf 92' lang='lat' dir='ltr'>de</span> 
     </span>
     <span class='ocr_line' id='line_1_145' title="bbox 1268 2639 1649 2689; baseline -0.003 -12"><span class='ocrx_word' id='word_1_457' title='bbox 1268 2640 1405 2677; x_wconf 87' lang='lat' dir='ltr'>collaui</span> <span class='ocrx_word' id='word_1_458' title='bbox 1424 2639 1484 2677; x_wconf 91' lang='lat' dir='ltr'>hic</span> <span class='ocrx_word' id='word_1_459' title='bbox 1506 2640 1571 2689; x_wconf 91' lang='lat' dir='ltr'>qui</span> <span class='ocrx_word' id='word_1_460' title='bbox 1591 2645 1649 2676; x_wconf 92' lang='lat' dir='ltr'>est</span> 
     </span>
     <span class='ocr_line' id='line_1_146' title="bbox 1270 2693 1643 2743; baseline -0.003 -13"><span class='ocrx_word' id='word_1_461' title='bbox 1270 2694 1315 2730; x_wconf 93' lang='lat' dir='ltr'>de</span> <span class='ocrx_word' id='word_1_462' title='bbox 1337 2705 1415 2743; x_wconf 86' lang='lat' dir='ltr'>quo</span> <span class='ocrx_word' id='word_1_463' title='bbox 1436 2706 1508 2742; x_wconf 82' lang='lat' dir='ltr'>ego</span> <span class='ocrx_word' id='word_1_464' title='bbox 1530 2693 1643 2731; x_wconf 85' lang='lat' dir='ltr'>audio</span> 
     </span>
     <span class='ocr_line' id='line_1_147' title="bbox 1269 2748 1357 2784; baseline -0.011 0"><span class='ocrx_word' id='word_1_465' title='bbox 1269 2748 1357 2784; x_wconf 87' lang='lat' dir='ltr'>talia</span> 
     </span>
    </p>

    <p class='ocr_par' dir='ltr' id='par_1_49' title="bbox 1269 2799 1683 2958">
     <span class='ocr_line' id='line_1_148' title="bbox 1269 2799 1646 2850; baseline -0.003 -12"><span class='ocrx_word' id='word_1_466' title='bbox 1269 2801 1317 2838; x_wconf 90' lang='lat' dir='ltr'>Et</span> <span class='ocrx_word' id='word_1_467' title='bbox 1337 2801 1521 2850; x_wconf 85' lang='lat' dir='ltr'>querebat</span> <span class='ocrx_word' id='word_1_468' title='bbox 1539 2799 1646 2837; x_wconf 88' lang='lat' dir='ltr'>illum</span> 
     </span>
     <span class='ocr_line' id='line_1_149' title="bbox 1271 2854 1647 2892; baseline -0.005 0"><span class='ocrx_word' id='word_1_469' title='bbox 1271 2855 1397 2892; x_wconf 87' lang='lat' dir='ltr'>uidere</span> <span class='ocrx_word' id='word_1_470' title='bbox 1417 2854 1487 2891; x_wconf 76' lang='lat' dir='ltr'>1⁰et</span> <span class='ocrx_word' id='word_1_471' title='bbox 1507 2854 1647 2891; x_wconf 87' lang='lat' dir='ltr'>reuersi</span> 
     </span>
     <span class='ocr_line' id='line_1_150' title="bbox 1269 2908 1683 2958; baseline -0.007 -11"><span class='ocrx_word' id='word_1_472' title='bbox 1269 2908 1432 2958; x_wconf 84' lang='lat' dir='ltr'>apostoli</span> <span class='ocrx_word' id='word_1_473' title='bbox 1450 2914 1683 2945; x_wconf 65' lang='lat' dir='ltr'>narraueru*</span> 
     </span>
    </p>
   </div>
   <div class='ocr_carea' id='block_1_17' title="bbox 1792 311 2242 896">
    <p class='ocr_par' dir='ltr' id='par_1_50' title="bbox 1792 311 2241 403">
     <span class='ocr_line' id='line_1_151' title="bbox 1792 311 2241 363; baseline 0.007 -16"><span class='ocrx_word' id='word_1_474' title='bbox 1792 319 1877 347; x_wconf 74' lang='lat' dir='ltr'>xxv</span> <span class='ocrx_word' id='word_1_475' title='bbox 1889 311 1962 349; x_wconf 80' lang='lat' dir='ltr'>Illi</span> <span class='ocrx_word' id='word_1_476' title='bbox 1976 325 2187 361; x_wconf 80' lang='lat' dir='ltr'>quecumque</span> <span class='ocrx_word' id='word_1_477' title='bbox 2191 311 2241 363; x_wconf 87' lang='lat' dir='ltr'>fe</span> 
     </span>
     <span class='ocr_line' id='line_1_152' title="bbox 1794 373 1928 403; baseline 0.007 -1"><span class='ocrx_word' id='word_1_478' title='bbox 1794 373 1928 403; x_wconf 88' lang='lat' dir='ltr'>cerunt</span> 
     </span>
    </p>

    <p class='ocr_par' dir='ltr' id='par_1_51' title="bbox 1793 418 2242 511">
     <span class='ocr_line' id='line_1_153' title="bbox 1793 418 2242 469; baseline 0.002 -14"><span class='ocrx_word' id='word_1_479' title='bbox 1793 418 1842 455; x_wconf 85' lang='lat' dir='ltr'>Et</span> <span class='ocrx_word' id='word_1_480' title='bbox 1862 419 2074 469; x_wconf 86' lang='lat' dir='ltr'>adsumptis</span> <span class='ocrx_word' id='word_1_481' title='bbox 2094 420 2164 457; x_wconf 91' lang='lat' dir='ltr'>illis</span> <span class='ocrx_word' id='word_1_482' title='bbox 2185 419 2242 457; x_wconf 79' lang='lat' dir='ltr'>ihs</span> 
     </span>
     <span class='ocr_line' id='line_1_154' title="bbox 1793 480 2140 511; baseline 0.006 -2"><span class='ocrx_word' id='word_1_483' title='bbox 1793 480 1946 509; x_wconf 80' lang='lat' dir='ltr'>Secesslt</span> <span class='ocrx_word' id='word_1_484' title='bbox 1967 485 2140 511; x_wconf 88' lang='lat' dir='ltr'>seorsum</span> 
     </span>
    </p>

    <p class='ocr_par' dir='ltr' id='par_1_52' title="bbox 1793 526 2180 627">
     <span class='ocr_line' id='line_1_155' title="bbox 1793 526 2180 564; baseline 0.005 -2"><span class='ocrx_word' id='word_1_485' title='bbox 1793 526 1833 562; x_wconf 88' lang='lat' dir='ltr'>in</span> <span class='ocrx_word' id='word_1_486' title='bbox 1853 526 1979 563; x_wconf 90' lang='lat' dir='ltr'>locum</span> <span class='ocrx_word' id='word_1_487' title='bbox 1999 527 2180 564; x_wconf 81' lang='lat' dir='ltr'>desertu-</span> 
     </span>
     <span class='ocr_line' id='line_1_156' title="bbox 1794 580 2167 627; baseline 0.005 -12"><span class='ocrx_word' id='word_1_488' title='bbox 1794 580 1897 627; x_wconf 88' lang='lat' dir='ltr'>quod</span> <span class='ocrx_word' id='word_1_489' title='bbox 1917 587 1974 617; x_wconf 91' lang='lat' dir='ltr'>est</span> <span class='ocrx_word' id='word_1_490' title='bbox 1993 580 2167 618; x_wconf 82' lang='lat' dir='ltr'>bessaida</span> 
     </span>
    </p>

    <p class='ocr_par' dir='ltr' id='par_1_53' title="bbox 1792 632 2211 896">
     <span class='ocr_line' id='line_1_157' title="bbox 1792 632 2200 683; baseline 0.007 -15"><span class='ocrx_word' id='word_1_491' title='bbox 1792 632 1819 652; x_wconf 84' lang='lat'>¹¹</span> <span class='ocrx_word' id='word_1_492' title='bbox 1828 633 1932 680; x_wconf 92' lang='lat' dir='ltr'>quod</span> <span class='ocrx_word' id='word_1_493' title='bbox 1952 640 1992 670; x_wconf 93' lang='lat' dir='ltr'>ut</span> <span class='ocrx_word' id='word_1_494' title='bbox 2011 634 2200 683; x_wconf 83' lang='lat' dir='ltr'>cognouis</span> 
     </span>
     <span class='ocr_line' id='line_1_158' title="bbox 1795 687 2182 725; baseline 0.01 -4"><span class='ocrx_word' id='word_1_495' title='bbox 1795 693 1879 722; x_wconf 85' lang='lat' dir='ltr'>sent</span> <span class='ocrx_word' id='word_1_496' title='bbox 1898 687 2031 723; x_wconf 86' lang='lat' dir='ltr'>turbae</span> <span class='ocrx_word' id='word_1_497' title='bbox 2053 695 2182 725; x_wconf 90' lang='lat' dir='ltr'>secute</span> 
     </span>
     <span class='ocr_line' id='line_1_159' title="bbox 1795 739 2176 778; baseline 0.005 -2"><span class='ocrx_word' id='word_1_498' title='bbox 1795 746 1882 776; x_wconf 90' lang='lat' dir='ltr'>sunt</span> <span class='ocrx_word' id='word_1_499' title='bbox 1901 739 2007 776; x_wconf 88' lang='lat' dir='ltr'>illum</span> <span class='ocrx_word' id='word_1_500' title='bbox 2027 748 2063 777; x_wconf 94' lang='lat' dir='ltr'>et</span> <span class='ocrx_word' id='word_1_501' title='bbox 2083 753 2176 778; x_wconf 85' lang='lat' dir='ltr'>exce</span> 
     </span>
     <span class='ocr_line' id='line_1_160' title="bbox 1793 792 2194 842; baseline 0.005 -13"><span class='ocrx_word' id='word_1_502' title='bbox 1793 794 1849 842; x_wconf 90' lang='lat' dir='ltr'>pit</span> <span class='ocrx_word' id='word_1_503' title='bbox 1870 792 1952 830; x_wconf 88' lang='lat' dir='ltr'>illos</span> <span class='ocrx_word' id='word_1_504' title='bbox 1973 800 2009 830; x_wconf 89' lang='lat' dir='ltr'>et</span> <span class='ocrx_word' id='word_1_505' title='bbox 2028 793 2194 842; x_wconf 84' lang='lat' dir='ltr'>loqueba</span> 
     </span>
     <span class='ocr_line' id='line_1_161' title="bbox 1794 846 2211 896; baseline 0.002 -13"><span class='ocrx_word' id='word_1_506' title='bbox 1794 853 1855 883; x_wconf 88' lang='lat' dir='ltr'>tur</span> <span class='ocrx_word' id='word_1_507' title='bbox 1874 846 1944 883; x_wconf 89' lang='lat' dir='ltr'>illis</span> <span class='ocrx_word' id='word_1_508' title='bbox 1965 847 2010 883; x_wconf 90' lang='lat' dir='ltr'>de</span> <span class='ocrx_word' id='word_1_509' title='bbox 2031 859 2151 896; x_wconf 84' lang='lat' dir='ltr'>regno</span> <span class='ocrx_word' id='word_1_510' title='bbox 2170 847 2211 884; x_wconf 80' lang='lat' dir='ltr'>di</span> 
     </span>
    </p>
   </div>
   <div class='ocr_carea' id='block_1_18' title="bbox 1793 900 2211 983">
    <p class='ocr_par' dir='ltr' id='par_1_54' title="bbox 1793 900 2211 983">
     <span class='ocr_line' id='line_1_162' title="bbox 1793 900 2211 949; baseline 0.002 -12"><span class='ocrx_word' id='word_1_511' title='bbox 1793 907 1831 937; x_wconf 91' lang='lat' dir='ltr'>et</span> <span class='ocrx_word' id='word_1_512' title='bbox 1850 912 1918 937; x_wconf 92' lang='lat' dir='ltr'>eos</span> <span class='ocrx_word' id='word_1_513' title='bbox 1938 900 2002 949; x_wconf 91' lang='lat' dir='ltr'>qui</span> <span class='ocrx_word' id='word_1_514' title='bbox 2021 913 2112 938; x_wconf 87' lang='lat' dir='ltr'>cura</span> <span class='ocrx_word' id='word_1_515' title='bbox 2131 901 2211 938; x_wconf 88' lang='lat' dir='ltr'>indi</span> 
     </span>
     <span class='ocr_line' id='line_1_163' title="bbox 1882 963 1903 983; baseline 0 0"><span class='ocrx_word' id='word_1_516' title='bbox 1882 963 1903 983; x_wconf 91' lang='lat' dir='ltr'>n</span> 
     </span>
    </p>
   </div>
   <div class='ocr_carea' id='block_1_19' title="bbox 1794 997 2287 1624">
    <p class='ocr_par' dir='ltr' id='par_1_55' title="bbox 1794 997 2287 1624">
     <span class='ocr_line' id='line_1_164' title="bbox 1794 997 2090 1044; baseline 0.003 -11"><span class='ocrx_word' id='word_1_517' title='bbox 1794 997 1910 1044; x_wconf 87' lang='lat' dir='ltr'>gebat</span> <span class='ocrx_word' id='word_1_518' title='bbox 1930 997 2090 1034; x_wconf 87' lang='lat' dir='ltr'>sanabat</span> 
     </span>
     <span class='ocr_line' id='line_1_165' title="bbox 1794 1049 2287 1100; baseline 0.002 -14"><span class='ocrx_word' id='word_1_519' title='bbox 1794 1049 1921 1087; x_wconf 83' lang='lat' dir='ltr'>¹2Dies</span> <span class='ocrx_word' id='word_1_520' title='bbox 1945 1058 2073 1088; x_wconf 86' lang='lat' dir='ltr'>autem</span> <span class='ocrx_word' id='word_1_521' title='bbox 2096 1058 2287 1100; x_wconf 64' lang='lat' dir='ltr'>coeperu-</span> 
     </span>
     <span class='ocr_line' id='line_1_166' title="bbox 1796 1103 2173 1142; baseline 0.005 -2"><span class='ocrx_word' id='word_1_522' title='bbox 1796 1103 1983 1141; x_wconf 86' lang='lat' dir='ltr'>declinare</span> <span class='ocrx_word' id='word_1_523' title='bbox 2003 1111 2039 1142; x_wconf 89' lang='lat' dir='ltr'>et</span> <span class='ocrx_word' id='word_1_524' title='bbox 2060 1105 2173 1142; x_wconf 89' lang='lat' dir='ltr'>adces</span> 
     </span>
     <span class='ocr_line' id='line_1_167' title="bbox 1795 1158 2147 1195; baseline 0.003 -1"><span class='ocrx_word' id='word_1_525' title='bbox 1795 1164 1923 1195; x_wconf 86' lang='lat' dir='ltr'>serunt</span> <span class='ocrx_word' id='word_1_526' title='bbox 1944 1158 2147 1195; x_wconf 89' lang='lat' dir='ltr'>duodecim</span> 
     </span>
     <span class='ocr_line' id='line_1_168' title="bbox 1794 1211 2182 1260; baseline 0.003 -12"><span class='ocrx_word' id='word_1_527' title='bbox 1794 1211 1967 1260; x_wconf 90' lang='lat' dir='ltr'>discipuli</span> <span class='ocrx_word' id='word_1_528' title='bbox 1988 1212 2068 1248; x_wconf 87' lang='lat' dir='ltr'>eius</span> <span class='ocrx_word' id='word_1_529' title='bbox 2087 1219 2124 1249; x_wconf 90' lang='lat' dir='ltr'>et</span> <span class='ocrx_word' id='word_1_530' title='bbox 2145 1212 2182 1249; x_wconf 89' lang='lat' dir='ltr'>di</span> 
     </span>
     <span class='ocr_line' id='line_1_169' title="bbox 1794 1265 2150 1302; baseline -0.003 0"><span class='ocrx_word' id='word_1_531' title='bbox 1794 1272 1933 1302; x_wconf 87' lang='lat' dir='ltr'>xerunt</span> <span class='ocrx_word' id='word_1_532' title='bbox 1953 1265 2003 1301; x_wconf 92' lang='lat' dir='ltr'>illi</span> <span class='ocrx_word' id='word_1_533' title='bbox 2042 1265 2150 1302; x_wconf 88' lang='lat' dir='ltr'>dimit</span> 
     </span>
     <span class='ocr_line' id='line_1_170' title="bbox 1794 1320 2150 1356; baseline 0.003 -1"><span class='ocrx_word' id='word_1_534' title='bbox 1794 1325 1832 1356; x_wconf 90' lang='lat' dir='ltr'>te</span> <span class='ocrx_word' id='word_1_535' title='bbox 1852 1320 1981 1356; x_wconf 90' lang='lat' dir='ltr'>turbas</span> <span class='ocrx_word' id='word_1_536' title='bbox 2001 1326 2041 1355; x_wconf 92' lang='lat' dir='ltr'>ut</span> <span class='ocrx_word' id='word_1_537' title='bbox 2062 1326 2150 1356; x_wconf 87' lang='lat' dir='ltr'>eant</span> 
     </span>
     <span class='ocr_line' id='line_1_171' title="bbox 1795 1372 2197 1410; baseline -0.002 0"><span class='ocrx_word' id='word_1_538' title='bbox 1795 1373 1895 1410; x_wconf 88' lang='lat' dir='ltr'>circa</span> <span class='ocrx_word' id='word_1_539' title='bbox 1916 1372 2069 1410; x_wconf 85' lang='lat' dir='ltr'>castella</span> <span class='ocrx_word' id='word_1_540' title='bbox 2089 1379 2126 1409; x_wconf 92' lang='lat' dir='ltr'>et</span> <span class='ocrx_word' id='word_1_541' title='bbox 2146 1372 2197 1410; x_wconf 93' lang='lat' dir='ltr'>uil</span> 
     </span>
     <span class='ocr_line' id='line_1_172' title="bbox 1795 1426 2158 1464; baseline 0 -1"><span class='ocrx_word' id='word_1_542' title='bbox 1795 1426 1850 1463; x_wconf 88' lang='lat' dir='ltr'>las</span> <span class='ocrx_word' id='word_1_543' title='bbox 1869 1432 1906 1463; x_wconf 89' lang='lat' dir='ltr'>et</span> <span class='ocrx_word' id='word_1_544' title='bbox 1925 1426 2097 1463; x_wconf 87' lang='lat' dir='ltr'>reficiant</span> <span class='ocrx_word' id='word_1_545' title='bbox 2117 1438 2158 1464; x_wconf 88' lang='lat' dir='ltr'>se</span> 
     </span>
     <span class='ocr_line' id='line_1_173' title="bbox 1794 1480 2174 1517; baseline -0.003 0"><span class='ocrx_word' id='word_1_546' title='bbox 1794 1486 1831 1517; x_wconf 91' lang='lat' dir='ltr'>et</span> <span class='ocrx_word' id='word_1_547' title='bbox 1851 1480 2046 1516; x_wconf 88' lang='lat' dir='ltr'>inueniant</span> <span class='ocrx_word' id='word_1_548' title='bbox 2066 1491 2174 1517; x_wconf 86' lang='lat' dir='ltr'>escas</span> 
     </span>
     <span class='ocr_line' id='line_1_174' title="bbox 1795 1533 2196 1582; baseline 0.002 -13"><span class='ocrx_word' id='word_1_549' title='bbox 1795 1533 1884 1582; x_wconf 85' lang='lat' dir='ltr'>quia</span> <span class='ocrx_word' id='word_1_550' title='bbox 1904 1533 1963 1569; x_wconf 89' lang='lat' dir='ltr'>hic</span> <span class='ocrx_word' id='word_1_551' title='bbox 1984 1533 2023 1569; x_wconf 92' lang='lat' dir='ltr'>in</span> <span class='ocrx_word' id='word_1_552' title='bbox 2042 1533 2129 1571; x_wconf 93' lang='lat' dir='ltr'>loco</span> <span class='ocrx_word' id='word_1_553' title='bbox 2149 1533 2196 1570; x_wconf 88' lang='lat' dir='ltr'>de</span> 
     </span>
     <span class='ocr_line' id='line_1_175' title="bbox 1795 1593 2050 1624; baseline 0 0"><span class='ocrx_word' id='word_1_554' title='bbox 1795 1593 1897 1624; x_wconf 83' lang='lat' dir='ltr'>serto</span> <span class='ocrx_word' id='word_1_555' title='bbox 1918 1598 2050 1624; x_wconf 85' lang='lat' dir='ltr'>sumus</span> 
     </span>
    </p>
   </div>
   <div class='ocr_carea' id='block_1_20' title="bbox 1795 1671 2255 2130">
    <p class='ocr_par' dir='ltr' id='par_1_56' title="bbox 1795 1671 2214 1710">
     <span class='ocr_line' id='line_1_176' title="bbox 1795 1671 2214 1710; baseline 0.002 -2"><span class='ocrx_word' id='word_1_556' title='bbox 1795 1671 1894 1709; x_wconf 78' lang='lat' dir='ltr'>¹³Ait</span> <span class='ocrx_word' id='word_1_557' title='bbox 1915 1681 2042 1709; x_wconf 87' lang='lat' dir='ltr'>autem</span> <span class='ocrx_word' id='word_1_558' title='bbox 2062 1672 2111 1709; x_wconf 84' lang='lat' dir='ltr'>ad</span> <span class='ocrx_word' id='word_1_559' title='bbox 2130 1672 2214 1710; x_wconf 88' lang='lat' dir='ltr'>illos</span> 
     </span>
    </p>

    <p class='ocr_par' dir='ltr' id='par_1_57' title="bbox 1796 1726 2255 1764">
     <span class='ocr_line' id='line_1_177' title="bbox 1796 1726 2255 1764; baseline 0.002 -1"><span class='ocrx_word' id='word_1_560' title='bbox 1796 1726 1853 1763; x_wconf 80' lang='lat' dir='ltr'>ihs</span> <span class='ocrx_word' id='word_1_561' title='bbox 1875 1726 1961 1763; x_wconf 83' lang='lat' dir='ltr'>date</span> <span class='ocrx_word' id='word_1_562' title='bbox 1981 1726 2051 1763; x_wconf 90' lang='lat' dir='ltr'>illis</span> <span class='ocrx_word' id='word_1_563' title='bbox 2070 1738 2141 1764; x_wconf 92' lang='lat' dir='ltr'>uos</span> <span class='ocrx_word' id='word_1_564' title='bbox 2160 1731 2255 1763; x_wconf 63' lang='lat' dir='ltr'>ma*</span> 
     </span>
    </p>

    <p class='ocr_par' dir='ltr' id='par_1_58' title="bbox 1797 1781 1939 1817">
     <span class='ocr_line' id='line_1_178' title="bbox 1797 1781 1939 1817; baseline 0 0"><span class='ocrx_word' id='word_1_565' title='bbox 1797 1781 1939 1817; x_wconf 85' lang='lat' dir='ltr'>ducare</span> 
     </span>
    </p>

    <p class='ocr_par' dir='ltr' id='par_1_59' title="bbox 1796 1833 2224 1871">
     <span class='ocr_line' id='line_1_179' title="bbox 1796 1833 2224 1871; baseline -0.002 0"><span class='ocrx_word' id='word_1_566' title='bbox 1796 1834 1859 1871; x_wconf 85' lang='lat' dir='ltr'>Ad</span> <span class='ocrx_word' id='word_1_567' title='bbox 1879 1833 1928 1870; x_wconf 88' lang='lat' dir='ltr'>illi</span> <span class='ocrx_word' id='word_1_568' title='bbox 1949 1833 2123 1870; x_wconf 90' lang='lat' dir='ltr'>dixerunt</span> <span class='ocrx_word' id='word_1_569' title='bbox 2143 1845 2224 1871; x_wconf 90' lang='lat' dir='ltr'>non</span> 
     </span>
    </p>

    <p class='ocr_par' dir='ltr' id='par_1_60' title="bbox 1796 1887 2241 1936">
     <span class='ocr_line' id='line_1_180' title="bbox 1796 1887 2241 1936; baseline -0.002 -11"><span class='ocrx_word' id='word_1_570' title='bbox 1796 1900 1881 1925; x_wconf 91' lang='lat' dir='ltr'>sum</span> <span class='ocrx_word' id='word_1_571' title='bbox 1901 1888 2012 1925; x_wconf 88' lang='lat' dir='ltr'>nobis</span> <span class='ocrx_word' id='word_1_572' title='bbox 2032 1887 2115 1936; x_wconf 89' lang='lat' dir='ltr'>plus</span> <span class='ocrx_word' id='word_1_573' title='bbox 2135 1895 2241 1936; x_wconf 58' lang='lat' dir='ltr'>qua*</span> 
     </span>
    </p>

    <p class='ocr_par' dir='ltr' id='par_1_61' title="bbox 1796 1941 2234 1991">
     <span class='ocr_line' id='line_1_181' title="bbox 1796 1941 2234 1991; baseline 0.002 -14"><span class='ocrx_word' id='word_1_574' title='bbox 1796 1941 1966 1991; x_wconf 89' lang='lat' dir='ltr'>quinque</span> <span class='ocrx_word' id='word_1_575' title='bbox 1985 1953 2105 1990; x_wconf 88' lang='lat' dir='ltr'>panes</span> <span class='ocrx_word' id='word_1_576' title='bbox 2124 1948 2161 1978; x_wconf 91' lang='lat' dir='ltr'>et</span> <span class='ocrx_word' id='word_1_577' title='bbox 2182 1941 2234 1978; x_wconf 85' lang='lat' dir='ltr'>du</span> 
     </span>
    </p>

    <p class='ocr_par' dir='ltr' id='par_1_62' title="bbox 1796 1994 2216 2077">
     <span class='ocr_line' id='line_1_182' title="bbox 1796 1994 2216 2044; baseline -0.002 -11"><span class='ocrx_word' id='word_1_578' title='bbox 1796 2007 1841 2033; x_wconf 89' lang='lat' dir='ltr'>os</span> <span class='ocrx_word' id='word_1_579' title='bbox 1860 1996 1983 2044; x_wconf 89' lang='lat' dir='ltr'>pisces</span> <span class='ocrx_word' id='word_1_580' title='bbox 2003 1995 2074 2031; x_wconf 89' lang='lat' dir='ltr'>nisi</span> <span class='ocrx_word' id='word_1_581' title='bbox 2095 1994 2125 2032; x_wconf 90' lang='lat' dir='ltr'>si</span> <span class='ocrx_word' id='word_1_582' title='bbox 2144 2006 2216 2032; x_wconf 92' lang='lat' dir='ltr'>nos</span> 
     </span>
     <span class='ocr_line' id='line_1_183' title="bbox 2011 2058 2045 2077; baseline 0 0"><span class='ocrx_word' id='word_1_583' title='bbox 2011 2058 2045 2077; x_wconf 84' lang='lat' dir='ltr'>m</span> 
     </span>
    </p>

    <p class='ocr_par' dir='ltr' id='par_1_63' title="bbox 1796 2092 2197 2130">
     <span class='ocr_line' id='line_1_184' title="bbox 1796 2092 2197 2130; baseline -0.005 0"><span class='ocrx_word' id='word_1_584' title='bbox 1796 2103 1930 2130; x_wconf 84' lang='lat' dir='ltr'>eamus</span> <span class='ocrx_word' id='word_1_585' title='bbox 1949 2097 1986 2128; x_wconf 89' lang='lat' dir='ltr'>et</span> <span class='ocrx_word' id='word_1_586' title='bbox 2005 2103 2138 2128; x_wconf 84' lang='lat' dir='ltr'>eamus</span> <span class='ocrx_word' id='word_1_587' title='bbox 2158 2092 2197 2128; x_wconf 90' lang='lat' dir='ltr'>in</span> 
     </span>
    </p>
   </div>
   <div class='ocr_carea' id='block_1_21' title="bbox 1796 2145 2289 2997">
    <p class='ocr_par' dir='ltr' id='par_1_64' title="bbox 1796 2145 2152 2183">
     <span class='ocr_line' id='line_1_185' title="bbox 1796 2145 2152 2183; baseline -0.003 -1"><span class='ocrx_word' id='word_1_588' title='bbox 1796 2157 1955 2183; x_wconf 88' lang='lat' dir='ltr'>omnem</span> <span class='ocrx_word' id='word_1_589' title='bbox 1975 2145 2072 2182; x_wconf 85' lang='lat' dir='ltr'>hanc</span> <span class='ocrx_word' id='word_1_590' title='bbox 2093 2152 2152 2182; x_wconf 88' lang='lat' dir='ltr'>tur</span> 
     </span>
    </p>

    <p class='ocr_par' dir='ltr' id='par_1_65' title="bbox 1796 2199 2289 2356">
     <span class='ocr_line' id='line_1_186' title="bbox 1796 2199 2289 2237; baseline -0.004 0"><span class='ocrx_word' id='word_1_591' title='bbox 1796 2200 1887 2237; x_wconf 86' lang='lat' dir='ltr'>bam</span> <span class='ocrx_word' id='word_1_592' title='bbox 1907 2211 2014 2236; x_wconf 89' lang='lat' dir='ltr'>escas</span> <span class='ocrx_word' id='word_1_593' title='bbox 2034 2199 2176 2235; x_wconf 73' lang='lat' dir='ltr'>14erant</span> <span class='ocrx_word' id='word_1_594' title='bbox 2196 2206 2289 2235; x_wconf 54' lang='lat' dir='ltr'>era*</span> 
     </span>
     <span class='ocr_line' id='line_1_187' title="bbox 1796 2253 2198 2302; baseline -0.005 -12"><span class='ocrx_word' id='word_1_595' title='bbox 1796 2253 1899 2290; x_wconf 90' lang='lat' dir='ltr'>enim</span> <span class='ocrx_word' id='word_1_596' title='bbox 1919 2253 1988 2289; x_wconf 88' lang='lat' dir='ltr'>uiri</span> <span class='ocrx_word' id='word_1_597' title='bbox 2009 2253 2085 2290; x_wconf 89' lang='lat' dir='ltr'>fere</span> <span class='ocrx_word' id='word_1_598' title='bbox 2105 2254 2198 2302; x_wconf 91' lang='lat' dir='ltr'>quin</span> 
     </span>
     <span class='ocr_line' id='line_1_188' title="bbox 1796 2306 1996 2356; baseline -0.005 -13"><span class='ocrx_word' id='word_1_599' title='bbox 1796 2319 1871 2356; x_wconf 88' lang='lat' dir='ltr'>que</span> <span class='ocrx_word' id='word_1_600' title='bbox 1892 2306 1996 2343; x_wconf 82' lang='lat' dir='ltr'>milia</span> 
     </span>
    </p>

    <p class='ocr_par' dir='ltr' id='par_1_66' title="bbox 1796 2359 2265 2944">
     <span class='ocr_line' id='line_1_189' title="bbox 1796 2359 2244 2408; baseline -0.004 -11"><span class='ocrx_word' id='word_1_601' title='bbox 1796 2360 1860 2397; x_wconf 88' lang='lat' dir='ltr'>Ait</span> <span class='ocrx_word' id='word_1_602' title='bbox 1880 2367 2008 2397; x_wconf 89' lang='lat' dir='ltr'>autem</span> <span class='ocrx_word' id='word_1_603' title='bbox 2027 2359 2075 2396; x_wconf 90' lang='lat' dir='ltr'>ad</span> <span class='ocrx_word' id='word_1_604' title='bbox 2095 2359 2244 2408; x_wconf 90' lang='lat' dir='ltr'>discipu</span> 
     </span>
     <span class='ocr_line' id='line_1_190' title="bbox 1796 2412 2199 2450; baseline 0 0"><span class='ocrx_word' id='word_1_605' title='bbox 1796 2413 1854 2450; x_wconf 91' lang='lat' dir='ltr'>lus</span> <span class='ocrx_word' id='word_1_606' title='bbox 1874 2425 1964 2450; x_wconf 89' lang='lat' dir='ltr'>suos</span> <span class='ocrx_word' id='word_1_607' title='bbox 1985 2412 2095 2450; x_wconf 86' lang='lat' dir='ltr'>facite</span> <span class='ocrx_word' id='word_1_608' title='bbox 2115 2413 2199 2450; x_wconf 91' lang='lat' dir='ltr'>illos</span> 
     </span>
     <span class='ocr_line' id='line_1_191' title="bbox 1797 2468 2223 2516; baseline 0.002 -13"><span class='ocrx_word' id='word_1_609' title='bbox 1797 2468 2037 2504; x_wconf 89' lang='lat' dir='ltr'>discumbere</span> <span class='ocrx_word' id='word_1_610' title='bbox 2056 2479 2125 2516; x_wconf 90' lang='lat' dir='ltr'>per</span> <span class='ocrx_word' id='word_1_611' title='bbox 2143 2472 2223 2504; x_wconf 73' lang='lat' dir='ltr'>co-</span> 
     </span>
     <span class='ocr_line' id='line_1_192' title="bbox 1796 2521 2213 2570; baseline -0.002 -12"><span class='ocrx_word' id='word_1_612' title='bbox 1796 2521 1899 2558; x_wconf 86' lang='lat' dir='ltr'>uiuia</span> <span class='ocrx_word' id='word_1_613' title='bbox 1918 2521 2213 2570; x_wconf 85' lang='lat' dir='ltr'>quinquagenos</span> 
     </span>
     <span class='ocr_line' id='line_1_193' title="bbox 1797 2574 2265 2612; baseline -0.002 -1"><span class='ocrx_word' id='word_1_614' title='bbox 1797 2575 1869 2611; x_wconf 83' lang='lat' dir='ltr'>l⁵et</span> <span class='ocrx_word' id='word_1_615' title='bbox 1889 2575 1941 2611; x_wconf 82' lang='lat' dir='ltr'>ita</span> <span class='ocrx_word' id='word_1_616' title='bbox 1961 2575 2130 2612; x_wconf 88' lang='lat' dir='ltr'>fecerunt</span> <span class='ocrx_word' id='word_1_617' title='bbox 2150 2581 2187 2611; x_wconf 88' lang='lat' dir='ltr'>et</span> <span class='ocrx_word' id='word_1_618' title='bbox 2208 2574 2265 2611; x_wconf 90' lang='lat' dir='ltr'>dis</span> 
     </span>
     <span class='ocr_line' id='line_1_194' title="bbox 1799 2629 2169 2665; baseline -0.003 0"><span class='ocrx_word' id='word_1_619' title='bbox 1799 2629 2012 2665; x_wconf 89' lang='lat' dir='ltr'>cubuerunt</span> <span class='ocrx_word' id='word_1_620' title='bbox 2032 2639 2169 2665; x_wconf 91' lang='lat' dir='ltr'>omnes</span> 
     </span>
     <span class='ocr_line' id='line_1_195' title="bbox 1798 2680 2236 2731; baseline -0.007 -12"><span class='ocrx_word' id='word_1_621' title='bbox 1798 2682 2011 2731; x_wconf 80' lang='lat' dir='ltr'>1⁶Adceptis</span> <span class='ocrx_word' id='word_1_622' title='bbox 2030 2690 2158 2718; x_wconf 87' lang='lat' dir='ltr'>autem</span> <span class='ocrx_word' id='word_1_623' title='bbox 2177 2680 2236 2717; x_wconf 80' lang='lat' dir='ltr'>ihs</span> 
     </span>
     <span class='ocr_line' id='line_1_196' title="bbox 1799 2734 2206 2785; baseline -0.005 -13"><span class='ocrx_word' id='word_1_624' title='bbox 1799 2737 1967 2785; x_wconf 88' lang='lat' dir='ltr'>quinque</span> <span class='ocrx_word' id='word_1_625' title='bbox 1988 2734 2149 2784; x_wconf 88' lang='lat' dir='ltr'>panibus</span> <span class='ocrx_word' id='word_1_626' title='bbox 2170 2741 2206 2771; x_wconf 92' lang='lat' dir='ltr'>et</span> 
     </span>
     <span class='ocr_line' id='line_1_197' title="bbox 1801 2788 2221 2837; baseline -0.007 -11"><span class='ocrx_word' id='word_1_627' title='bbox 1801 2790 1951 2826; x_wconf 89' lang='lat' dir='ltr'>duobus</span> <span class='ocrx_word' id='word_1_628' title='bbox 1971 2788 2140 2837; x_wconf 89' lang='lat' dir='ltr'>piscibus</span> <span class='ocrx_word' id='word_1_629' title='bbox 2160 2799 2221 2824; x_wconf 90' lang='lat' dir='ltr'>res</span> 
     </span>
     <span class='ocr_line' id='line_1_198' title="bbox 1799 2841 2231 2892; baseline -0.005 -13"><span class='ocrx_word' id='word_1_630' title='bbox 1799 2842 1904 2892; x_wconf 88' lang='lat' dir='ltr'>pexit</span> <span class='ocrx_word' id='word_1_631' title='bbox 1923 2842 1962 2878; x_wconf 92' lang='lat' dir='ltr'>in</span> <span class='ocrx_word' id='word_1_632' title='bbox 1983 2841 2108 2878; x_wconf 91' lang='lat' dir='ltr'>celum</span> <span class='ocrx_word' id='word_1_633' title='bbox 2127 2842 2163 2877; x_wconf 71' lang='lat' dir='ltr'>eb</span> <span class='ocrx_word' id='word_1_634' title='bbox 2183 2841 2231 2877; x_wconf 90' lang='lat' dir='ltr'>be</span> 
     </span>
     <span class='ocr_line' id='line_1_199' title="bbox 1799 2894 2180 2944; baseline -0.005 -12"><span class='ocrx_word' id='word_1_635' title='bbox 1799 2895 1942 2932; x_wconf 90' lang='lat' dir='ltr'>nedixit</span> <span class='ocrx_word' id='word_1_636' title='bbox 1963 2907 2078 2944; x_wconf 92' lang='lat' dir='ltr'>super</span> <span class='ocrx_word' id='word_1_637' title='bbox 2097 2894 2180 2931; x_wconf 89' lang='lat' dir='ltr'>illos</span> 
     </span>
    </p>

    <p class='ocr_par' dir='ltr' id='par_1_67' title="bbox 1799 2948 2231 2997">
     <span class='ocr_line' id='line_1_200' title="bbox 1799 2948 2231 2997; baseline -0.002 -12"><span class='ocrx_word' id='word_1_638' title='bbox 1799 2956 1835 2985; x_wconf 92' lang='lat' dir='ltr'>et</span> <span class='ocrx_word' id='word_1_639' title='bbox 1854 2949 1967 2997; x_wconf 88' lang='lat' dir='ltr'>fregit</span> <span class='ocrx_word' id='word_1_640' title='bbox 1985 2955 2023 2985; x_wconf 91' lang='lat' dir='ltr'>et</span> <span class='ocrx_word' id='word_1_641' title='bbox 2043 2948 2231 2985; x_wconf 87' lang='lat' dir='ltr'>distribuit</span> 
     </span>
    </p>
   </div>
  </div>
 </body>
</html>
