2504 3382
263 212 320 238 111.
344 213 461 246 23-1v.
484 197 556 251 22.]
613 198 1024 237 EUANGELIUM
1045 197 1154 236 SEC

264 287 346 317 1¹01.
364 289 425 318 99.

263 327 350 366 ”Et
368 330 450 379 ipse
469 335 549 366 erat
567 328 625 366 ihs
645 328 762 379 incipi
795 327 894 366 filius

264 394 334 420 ens
353 381 429 420 fere
451 393 641 419 annorum

265 448 352 474 xxx·
373 435 478 485 quod
497 437 702 485 putabatur

264 501 346 527 esse
367 490 464 530 filius
484 489 617 538 ioseph

262 542 361 580 filius

262 595 396 635 ²¹filius

263 649 362 688 filius

263 703 363 741 filius

263 757 363 794 filius

263 810 360 848 filius

263 863 293 884 ²⁵
301 864 353 901 fili

264 917 363 955 filius

263 971 362 1009 filius

262 1025 361 1062 filius

264 1078 364 1115 filius

265 1132 292 1153 2⁰
299 1131 351 1168 fili

264 1184 363 1222 filius

264 1238 363 1275 filius

263 1292 363 1328 filius

264 1345 363 1382 filius

266 1399 296 1421 ²⁷
304 1398 400 1436 filius

266 1452 364 1489 filius

265 1506 362 1543 filius

264 1559 364 1597 filius

265 1645 366 1682 filius

266 1699 293 1721 ²⁸
301 1698 401 1737 filius

265 1753 364 1790 filius

265 1806 364 1844 filius

266 1860 364 1898 filius

264 1913 365 1951 filius

265 1968 292 1990 ²⁹
302 1967 400 2005 filius

265 2021 362 2058 filius

266 2075 367 2112 filius

266 2129 365 2166 filius

266 2183 364 2220 filius

266 2236 364 2273 filius

265 2289 295 2311 ³⁰
301 2290 399 2327 filius

266 2343 365 2381 filius

267 2397 366 2434 filius

267 2451 366 2488 filius

266 2504 366 2541 filius

268 2558 294 2578 ³¹
303 2558 402 2595 filius

267 2612 366 2649 filius

267 2665 365 2702 filius

266 2719 366 2756 filius

267 2773 368 2810 filius

267 2827 296 2848 ³²
303 2827 402 2864 filius

268 2880 366 2918 filius

470 541 590 580 heHae

469 596 650 635 matthiae

471 650 572 687 leuui

471 703 612 741 melchi

471 757 611 794 iannae

469 811 606 860 ioseph

471 863 653 902 matthiae

472 929 582 955 amos

472 983 590 1008 anum

470 1025 551 1062 sedi

473 1088 623 1126 naggae

473 1132 604 1168 maaht

472 1183 673 1221 matthiani

472 1237 592 1275 semei

472 1290 589 1329 osehc

471 1344 584 1382 iudae

473 1398 664 1435 iohannae

474 1464 580 1490 resae

473 1505 675 1543 zorababel

473 1559 643 1597 salathiel

474 1646 555 1683 neri

475 1699 614 1737 melchi

474 1753 561 1791 addi

474 1819 606 1844 cosam

474 1861 653 1898 elmada‘

475 1927 516 1952 er

473 1980 583 2006 zoses

470 2022 550 2060 iesu

477 2076 613 2113 eliezer

475 2130 585 2167 iorim

473 2183 649 2220 matthim

475 2237 576 2275 leuui

473 2296 633 2340 symeo‘

474 2344 587 2382 iudae

476 2397 614 2447 ioseph

474 2452 587 2489 ionae

475 2504 650 2542 eliachim

477 2559 660 2596 melsiuae

477 2624 614 2650 aenam

474 2665 661 2703 mhattata

474 2719 632 2756 natham

477 2773 593 2810 dauid

475 2827 597 2865 iessae

475 2881 594 2919 obeht

1002 328 1101 366 boos

795 381 892 418 filius
1002 382 1154 419 salmon

795 434 893 472 filius
1002 447 1168 472 naasson

795 489 821 509 ³³
830 488 929 525 filius
1003 488 1208 526 aminadab

795 542 893 579 filius
1000 553 1106 579 aram

795 595 893 632 filius
1002 607 1116 633 esron

796 648 893 686 filius
1002 648 1140 697 phares

796 702 894 739 filius
1002 701 1114 739 iudae

797 756 825 776 ³⁴
832 755 929 793 filius
1001 755 1115 793 iacob

795 809 893 846 filius
1002 808 1106 846 isach

794 862 893 900 filius
1001 862 1170 900 abrahae

797 916 896 953 filius
1003 916 1134 954 tharae

797 969 895 1006 filius
1004 970 1149 1007 nachor

797 1023 930 1060 ³⁵filius
1003 1023 1137 1061 seruch

799 1076 896 1114 filius
1005 1089 1125 1126 ragau

798 1130 898 1167 filius
1008 1130 1144 1179 phalec

798 1183 897 1220 filius
1006 1185 1097 1220 eber

798 1236 897 1273 filius
1007 1236 1108 1274 salae

798 1287 931 1327 ³⁶filius
1005 1290 1145 1327 cainan

797 1343 894 1381 filius
1004 1343 1151 1381 arfaxat

798 1397 897 1434 filius
1007 1409 1091 1435 sem

798 1451 896 1488 filius
1005 1462 1080 1489 noe

798 1505 898 1542 filius
1005 1504 1156 1543 lamech

799 1557 828 1580 ³⁷
836 1559 934 1596 filius
1007 1558 1236 1597 mattusala‘

801 1644 898 1682 filius
1008 1656 1106 1683 enoc

799 1699 898 1736 filius
1007 1698 1134 1736 zareth

800 1753 899 1790 filius
1007 1752 1157 1790 malelel

801 1806 900 1843 filius
1010 1807 1161 1844 cainam

802 1860 933 1898 ³⁸filius
1006 1872 1101 1898 enos

801 1914 899 1951 filius
1009 1914 1093 1952 seth

800 1968 900 2005 filius
1009 1968 1125 2006 adam

800 2021 898 2059 filius
1007 2021 1048 2059 di

800 2085 818 2112 4
831 2075 915 2112 ¹Ihs
931 2082 1058 2113 autem
1074 2075 1212 2125 plenus
1228 2077 1301 2123 spu

801 2133 868 2167 sco
888 2141 1084 2177 regressus
1104 2136 1160 2167 est
1180 2130 1229 2167 ab

801 2183 999 2221 iordanem
1038 2191 1076 2221 et
1094 2184 1218 2232 ageba

801 2243 861 2276 tur
881 2237 920 2273 in
941 2240 1014 2286 spu
1033 2237 1072 2274 in
1093 2238 1242 2275 deserto

801 2290 954 2328 2diebus
974 2303 1036 2329 xL·
1068 2293 1266 2340 temptaba

802 2351 861 2381 tur
880 2356 902 2381 a
922 2344 1076 2383 diabulo

801 2397 852 2435 Et
872 2397 962 2435 nihil
982 2398 1231 2437 manducabit

802 2452 841 2489 in
860 2451 930 2488 illis
950 2452 1084 2490 diebus
1105 2460 1141 2490 et
1161 2465 1236 2490 con

803 2507 1000 2544 summatis
1021 2506 1091 2544 illis
1110 2519 1182 2556 pos

802 2566 863 2596 tea
883 2560 1010 2598 esuriit

800 2612 930 2650 ³Dixit
950 2620 1076 2651 autem
1096 2612 1147 2650 illi
1171 2613 1285 2652 diabo

801 2666 858 2704 lus
881 2668 911 2704 si
931 2667 1027 2704 filius
1047 2666 1086 2703 di
1107 2673 1164 2704 est
1184 2667 1246 2705 dic

802 2721 920 2770 lapidi
940 2721 1028 2759 huic
1050 2727 1090 2758 ut
1110 2721 1174 2758 fiat
1193 2733 1245 2771 pa

804 2787 861 2812 nis

803 2829 875 2866 *Et
895 2827 1093 2877 respondit
1113 2827 1160 2865 ad
1181 2827 1287 2865 illurn

805 2882 864 2920 ihs
885 2889 921 2921 et
940 2882 1032 2920 dixit
1053 2883 1236 2920 scribtum

1757 198 1792 234 L
1801 198 1907 236 UCA
1913 197 1962 236 N
1963 198 2053 236 HM
2340 210 2360 246 5
2371 210 2385 234 1

1363 285 1444 314 1¹01.
1462 286 1543 314 100.

1364 328 1434 364 Est
1454 328 1542 376 quia
1563 338 1640 364 non
1661 327 1700 364 in
1721 339 1765 365 so

1362 380 1399 418 lo
1420 392 1519 428 pane
1539 381 1641 417 uiuet
1660 380 1778 418 homo

1364 433 1430 470 sed
1451 434 1488 470 in
1509 435 1615 471 omni
1635 435 1754 472 uerbo
1774 434 1813 471 di

1363 486 1432 523 ⁵Et
1452 487 1558 524 duxit
1577 487 1683 524 illum
1704 488 1818 525 diabo

1362 540 1420 577 lus
1437 541 1477 577 in
1497 548 1669 577 montem
1689 541 1807 578 altum

1362 600 1399 630 et
1419 594 1584 631 ostendit
1602 594 1654 630 illi
1675 595 1805 631 omnia

1361 659 1481 696 regna
1499 647 1601 685 orbis
1619 654 1741 684 terrae

1361 701 1400 737 in
1419 708 1618 738 momento
1638 708 1768 750 tempo

1362 755 1411 791 ris
1458 754 1515 791 ⁶et
1535 754 1585 791 ait
1605 754 1709 791 illum
1730 754 1793 792 dia

1361 807 1472 846 bulus
1509 808 1575 845 tibi
1595 808 1698 845 dabo
1717 821 1768 858 po

1366 868 1544 899 testatem
1566 862 1666 899 hanc
1686 863 1752 899 uni

1363 927 1515 952 uersam
1535 923 1572 952 et
1591 916 1753 965 gloriam

1364 969 1515 1006 illorum
1536 970 1625 1019 quia
1645 969 1737 1006 mihi

1365 1023 1499 1060 tradita
1519 1030 1606 1060 sunt
1626 1030 1662 1060 et
1682 1024 1743 1061 cui
1763 1035 1814 1060 uo

1365 1077 1403 1114 lo
1423 1076 1473 1113 do
1492 1076 1554 1114 illa

1363 1130 1449 1167 ⁷Tu
1469 1142 1560 1167 uero
1584 1130 1614 1167 si
1632 1129 1836 1179 procidens

1366 1184 1583 1221 adoraueris
1603 1192 1690 1220 ante
1710 1196 1772 1221 me

1366 1244 1477 1274 erunt
1497 1244 1561 1274 tua
1581 1238 1710 1274 omnia

1367 1291 1437 1327 *Et
1458 1291 1696 1339 respondens
1716 1290 1808 1328 dixit
1827 1290 1853 1327 il

1367 1344 1392 1381 li
1412 1345 1469 1382 ihs
1490 1345 1671 1393 scriptum
1692 1352 1747 1382 est

1368 1398 1459 1435 dom
1479 1398 1547 1435 dm
1567 1405 1675 1435 tuum
1694 1398 1811 1447 adora

1368 1453 1426 1489 bis
1446 1459 1483 1489 et
1502 1451 1551 1488 illi
1573 1452 1643 1489 soli
1665 1452 1807 1489 seruies

1369 1505 1437 1542 ⁹Et
1458 1506 1564 1542 duxit
1583 1506 1689 1542 illum
1705 1506 1745 1542 in
1760 1506 1866 1543 iheru

1369 1560 1487 1597 salem
1508 1566 1544 1596 et
1565 1560 1692 1596 statuit
1712 1560 1819 1596 illum

1372 1645 1495 1695 Supra
1514 1646 1662 1695 pitnam
1682 1653 1760 1683 tem

1370 1700 1421 1750 pli
1440 1707 1477 1737 et
1497 1700 1591 1737 dixit
1612 1700 1662 1736 illi
1683 1700 1713 1737 si
1734 1700 1832 1738 filius

1368 1755 1407 1792 di
1428 1766 1468 1792 es
1487 1754 1592 1791 mitte
1613 1760 1648 1790 te
1672 1753 1761 1792 hinc

1370 1808 1549 1846 deorsum
1569 1807 1775 1844 1⁰scrittum

1424 1868 1480 1899 est
1500 1861 1601 1898 enim
1641 1862 1747 1911 quod

1424 1915 1568 1965 angelis
1589 1915 1666 1952 suis
1686 1927 1778 1952 man

1425 1969 1528 2006 dauit
1549 1969 1595 2006 de
1616 1976 1652 2006 te
1686 1977 1726 2005 ut
1747 1981 1822 2007 con

1424 2029 1576 2060 seruent
1596 2030 1631 2059 te
1662 2023 1784 2072 11quia

1424 2077 1463 2114 in
1484 2077 1663 2114 manibus
1683 2077 1816 2114 tollent

1424 2137 1460 2168 te
1481 2143 1528 2168 ne
1550 2130 1643 2167 forte
1664 2130 1802 2180 perdas

1423 2184 1472 2222 ad
1492 2184 1659 2233 lapidem
1680 2184 1807 2234 pede-

1425 2245 1533 2275 tuum

1372 2291 1455 2329 12Et
1477 2291 1686 2341 respondes
1707 2291 1799 2329 dixit
1819 2291 1845 2328 il

1370 2345 1395 2383 li
1415 2346 1473 2384 ihs
1493 2352 1530 2382 et
1551 2346 1735 2394 scriptum
1755 2353 1812 2383 est

1372 2412 1452 2438 non
1470 2400 1676 2449 temptabis
1698 2400 1790 2437 dom

1371 2453 1438 2490 dm
1458 2460 1565 2491 tuum

1371 2507 1398 2528 ¹³
1412 2508 1460 2544 Et
1480 2513 1749 2545 consummata
1770 2518 1836 2544 orn

1372 2561 1410 2598 ni
1430 2562 1723 2610 temptationem

1373 2615 1548 2652 diabulus
1569 2614 1725 2651 recessit

1374 2669 1422 2705 ab
1442 2669 1507 2705 illo
1527 2679 1648 2717 usque
1669 2667 1717 2704 ad
1738 2674 1817 2704 tem

1373 2733 1444 2770 pus

1373 2775 1456 2812 14Et
1476 2786 1670 2823 regressus
1691 2782 1747 2812 est
1767 2774 1825 2812 ihs

1373 2829 1411 2866 in
1431 2829 1567 2865 uirtute
1589 2832 1653 2877 sps
1674 2829 1712 2865 in
1732 2829 1807 2877 gali

1373 2882 1472 2920 leam
1493 2890 1530 2919 et
1549 2882 1651 2920 sama
1670 2883 1760 2920 exiit

1306 2959 1374 2985 1-12

1894 326 1954 364 De
1975 327 2038 364 illo
2057 339 2124 376 per
2143 327 2276 364 uniuer

1894 393 1976 418 sam
1997 382 2195 429 regionem
2215 380 2286 417 ¹⁵et
2306 381 2343 429 ip

1893 446 1932 471 se
1955 435 2117 472 docebat
2137 434 2175 470 in
2196 446 2290 482 syna

1892 489 2001 537 gogis
2021 500 2155 525 eorum
2175 495 2211 524 et
2232 499 2323 536 mag

1892 542 2144 579 nificabantur
2163 542 2211 578 ab
2231 541 2282 578 ho

1892 595 2060 631 minibus
2310 590 2396 646 [ubi

1897 654 1953 680 [Ἠ
1978 647 2067 684 l“El
2092 648 2191 684 uenit
2215 648 2392 685 nazareth

1893 707 1971 736 erat
1991 701 2151 737 nutritus
2188 708 2225 737 et
2245 702 2284 738 in

1895 754 2022 790 troiuit
2042 754 2255 790 secundum

1894 807 2211 845 consuetudinem
2231 814 2271 844 tu

1894 872 1957 897 arn
1977 860 2036 897 die
2058 861 2205 898 sabbati
2226 861 2265 896 in
2287 872 2329 909 sy

1895 926 2048 964 nagoga
2085 922 2121 951 et
2141 914 2302 951 surrexit

1896 968 2021 1017 legere
2059 968 2129 1005 ¹⁷et
2150 968 2307 1005 traditus

1896 1029 1953 1059 est
1972 1022 2024 1058 illi
2043 1022 2137 1059 liber
2157 1022 2280 1059 eseiae

1896 1075 2129 1125 prophaetae

1896 1129 1945 1167 Et
1965 1136 2005 1166 ut
2025 1129 2186 1166 reuoluit
2205 1128 2331 1165 libru‘·

1896 1183 2040 1220 inuenit
2061 1183 2187 1220 locum
2208 1183 2274 1220 ubi

1898 1237 2081 1284 scriptum
2102 1244 2182 1273 erat

1953 1290 2052 1338 ¹⁸sps
2073 1290 2137 1327 dni
2157 1301 2269 1338 super
2289 1302 2351 1326 me

1952 1352 2106 1393 propter
2127 1344 2231 1393 quod
2251 1355 2304 1380 un

1954 1398 2008 1434 xit
2027 1409 2089 1433 me
2110 1397 2286 1445 euangeli

1955 1463 2039 1488 zare
2060 1452 2291 1500 pauperibus

1955 1505 2058 1542 misit
2078 1517 2139 1542 me
2161 1505 2313 1554 predica

1957 1572 1996 1596 re
2018 1559 2179 1608 captiuis
2200 1559 2314 1596 remis

1904 1645 2060 1683 Sionem
2081 1652 2117 1682 et
2137 1645 2239 1683 cecis

1955 1700 2080 1737 uisum
2101 1699 2288 1736 dimittere

1956 1761 2234 1802 conquassatos
2254 1754 2293 1789 in

1957 1808 2128 1856 requiem
2176 1807 2300 1856 1‘'prae

1957 1861 2084 1898 dicare
2104 1873 2248 1898 annum
2268 1859 2334 1897 dfii

1957 1915 2162 1963 adceptum
2184 1921 2220 1951 et
2240 1913 2342 1951 diem

1955 1969 2214 2005 retributionis
2255 1965 2405 2020 [libru-

1903 2022 1990 2059 2⁰Et
2057 2034 2145 2060 cum
2210 2021 2405 2071 plicuisset

1903 2076 2065 2114 reddidit
2084 2076 2278 2113 ministros

1904 2138 1941 2167 et
1961 2130 2056 2167 sedit
2075 2136 2112 2166 et
2131 2130 2306 2167 omnium

1904 2184 1943 2221 in
1964 2195 2161 2233 synagoga
2182 2183 2282 2221 oculi

1904 2238 2147 2275 intendentes
2166 2238 2204 2274 in
2226 2241 2302 2274 eu*

1906 2290 2078 2340 2¹Coepit
2098 2298 2225 2328 autem
2246 2291 2371 2327 dicere

1905 2346 1954 2383 ad
1975 2346 2058 2383 illos
2092 2345 2181 2394 quia
2201 2344 2313 2381 hodie

1904 2399 2047 2448 inpleta
2066 2407 2122 2435 est
2143 2398 2237 2435 haec
2259 2397 2360 2447 scrip

1905 2460 1989 2490 tura
2008 2453 2047 2489 in
2067 2453 2219 2490 auribus
2239 2462 2306 2488 ues

1903 2508 1970 2544 tris

1905 2559 1987 2597 ²²Et
2008 2570 2145 2597 omnes
2165 2558 2360 2596 testimoni

1906 2625 1973 2650 um
1993 2613 2044 2649 illi
2065 2613 2277 2649 reddebant

1904 2675 1941 2704 et
1961 2668 2197 2704 mirabantur
2216 2667 2255 2702 in

1904 2721 2032 2758 uerbis
2051 2721 2195 2770 gratiae
2216 2732 2315 2771 quae

1905 2774 2164 2825 procedebant
2185 2773 2232 2811 de
2253 2786 2318 2812 ore

1907 2829 2024 2878 ipsius
2045 2836 2081 2865 et
2102 2828 2280 2865 dicebant
2301 2833 2380 2865 no*

1907 2895 1956 2920 ne
1977 2882 2037 2920 hic
2057 2889 2114 2920 est
2134 2882 2232 2919 filius
2251 2881 2385 2931 ioseph

2219 2958 2285 2984 xm
