2504 3382
249 211 498 246 xx'111.9-X1x.
522 195 570 249 1.]
618 196 1032 236 EUANGELIUM
1053 195 1163 235 SEC

245 285 326 316 Pol.
344 287 403 315 80.

246 328 332 365 Tur
351 327 537 376 scriptura
556 338 672 376 quem

246 381 340 419 dixit
360 382 448 430 quia
468 393 566 430 quos
586 380 695 418 dedis

246 436 272 472 ti
292 434 384 471 mihi
405 446 483 472 non
503 434 649 483 perdidi
669 447 717 472 ex

245 488 299 525 eis
319 489 524 538 quiequam

246 541 274 562 ¹⁰
283 541 416 579 Simon
437 542 546 590 igitur
565 548 695 590 petrus

245 595 392 633 habens
411 595 582 644 gladium
603 595 677 632 edu

245 649 299 686 xit
318 661 407 686 eum
426 656 463 686 et
483 649 664 698 percussit

246 714 396 740 seruum
419 703 600 751 principis
621 714 662 739 sa

246 757 443 794 cerdotum
464 762 501 793 et
521 757 626 793 absci

245 810 298 846 dit
319 811 492 847 dextram
512 810 642 846 auricu

244 863 321 901 lam
340 864 420 901 eius
458 871 536 900 erat
557 870 685 900 autem

245 929 357 955 seruo
378 917 429 954 illi
449 917 645 954 malachus

245 982 388 1008 nomen
655 967 739 1021 [mit

245 1024 384 1061 11Dixit
417 1036 509 1072 ergo
542 1023 600 1060 ihs
630 1030 740 1072 petro

245 1085 282 1115 te
302 1078 469 1126 gladium
490 1079 528 1114 in
549 1077 637 1125 uagi

246 1144 335 1168 nam
357 1143 465 1168 suam
486 1131 643 1168 calicem

245 1197 362 1234 quem
382 1184 484 1221 dedit
505 1183 595 1220 mihi
615 1196 665 1232 pa

245 1245 302 1276 ter
322 1250 450 1275 nonne
471 1238 600 1274 bibam
619 1237 644 1273 il

243 1291 325 1329 lum
454 1290 623 1328 12cohors

245 1345 358 1394 igitur
377 1351 414 1382 et
433 1345 607 1382 tribunus
627 1350 664 1381 et

244 1399 407 1436 ministri
428 1398 625 1436 iudeorum

245 1451 608 1502 conprehenderunt

245 1506 325 1543 ihm
345 1513 381 1543 et
401 1506 648 1554 adligaueru‘

246 1572 334 1597 eum
354 1559 425 1597 l²³et
444 1560 686 1598 adduxerunt

245 1647 308 1685 Ad
328 1659 470 1684 annam
490 1647 657 1696 primum

246 1708 327 1738 erat
347 1701 448 1737 enim
470 1712 578 1738 socer

246 1754 405 1803 caiphae
426 1755 491 1803 qui
511 1760 590 1791 erat
610 1765 689 1802 pon

245 1808 337 1845 tifex
358 1809 448 1845 anni
468 1808 564 1844 illius
584 1808 697 1845 14erat

246 1869 372 1899 autem
395 1862 548 1910 caiphas
569 1862 634 1910 qui

245 1915 442 1953 consilium
466 1915 567 1952 dedit

245 1969 389 2007 iudaeis
410 1969 499 2018 quia
518 1968 673 2017 expedit

244 2035 364 2060 unum
384 2023 582 2060 hominem

244 2077 341 2114 mori
362 2089 431 2125 pro
452 2076 596 2125 populo

244 2130 272 2150 ¹⁵
282 2130 550 2180 Sequebantur
569 2136 698 2167 autem

245 2184 324 2221 ihm
346 2185 472 2221 simon
492 2191 621 2232 petrus

244 2245 281 2275 et
302 2238 395 2275 alius
416 2237 625 2286 discipulus

245 2291 451 2340 discipulus
471 2298 600 2328 autern

243 2345 306 2382 ille
345 2352 458 2383 notus
477 2352 556 2382 erat
576 2356 654 2394 pon

245 2399 334 2436 tifici
354 2406 390 2435 et
411 2399 523 2436 simul
543 2399 656 2435 introi

245 2453 299 2489 uit
320 2464 407 2490 cum
427 2453 504 2489 ihm
527 2454 565 2489 in
586 2453 707 2489 atriu-

245 2506 435 2555 pontificis
456 2506 614 2554 l‘³petrus
634 2518 680 2543 ue

245 2572 288 2597 ro
309 2560 432 2596 stabat
452 2560 540 2597 foris
560 2560 610 2597 ad

244 2614 397 2650 ianuam

244 2667 372 2704 Exiuit
393 2678 486 2715 ergo
508 2666 654 2716 discipu

245 2721 302 2757 lus
323 2720 382 2757 ille
403 2721 498 2758 alius
519 2722 583 2770 qui
603 2728 681 2758 erat

245 2781 358 2811 notus
378 2775 547 2823 pontifici
568 2782 604 2811 et

245 2828 337 2866 dixit
357 2828 542 2865 osteariae
563 2836 599 2866 et
620 2830 658 2866 in

243 2881 410 2919 troduxit
430 2888 579 2931 petrum

312 3022 461 3040 BUCHANAN

774 326 801 346 ¹⁷
810 326 911 364 Dicit
931 338 1023 375 ergo
1042 326 1103 364 illa
1123 338 1172 363 an

774 380 860 418 eilla
879 381 1031 418 ostiaria
1050 386 1159 429 petro

774 434 961 483 numquid
981 441 1017 471 et
1037 441 1076 470 tu
1097 446 1144 470 ex

774 488 965 536 discipulis
986 494 1042 525 est
1061 487 1167 524 homi

773 543 831 578 nis
852 541 962 578 huius

773 601 810 631 et
830 595 880 631 ait
900 607 979 631 non
1000 606 1084 632 sum

773 647 970 685 ¹⁸Stabant
990 648 1088 685 serui
1108 652 1144 683 et
1163 645 1216 682 mi

773 702 879 738 nistri
899 701 948 738 ad
968 702 1154 738 carbones

773 755 862 804 quia
882 754 999 803 frigus
1018 761 1098 791 erat

773 815 852 845 erat
872 815 1000 846 autem
1020 815 1057 844 et
1078 814 1205 857 petrus

772 870 876 900 stans
895 869 931 899 et
952 861 1177 899 calefaciens

773 928 813 953 se
924 915 1127 965 ¹⁹pontifex

773 981 866 1018 ergo
886 969 1142 1017 interrogabat

772 1022 851 1059 ihm
872 1023 918 1059 de
939 1023 1132 1072 discipulis
1151 1022 1232 1059 eius

773 1083 810 1112 et
831 1076 877 1113 de
898 1076 1068 1114 doctrina
1089 1077 1169 1113 eius

772 1129 1024 1178 ²⁰Respondit
1044 1130 1078 1167 ei
1099 1130 1155 1166 ihs
1176 1141 1249 1177 ego

772 1183 899 1232 palam
919 1184 1066 1220 locutus
1086 1195 1171 1220 sum

773 1237 919 1273 mundo
939 1249 1012 1285 ego
1033 1249 1115 1273 sem

773 1302 841 1339 per
860 1290 972 1328 docui
992 1290 1032 1326 in
1052 1301 1198 1339 synago

773 1355 822 1392 ga
841 1352 877 1380 et
897 1344 936 1380 in
956 1344 1100 1393 templo
1121 1356 1198 1394 quo

773 1409 909 1434 omnes
929 1397 1053 1435 iudaei
1073 1410 1149 1435 con

773 1451 930 1488 ueniunt
972 1458 1009 1488 et
1028 1452 1067 1488 in
1087 1450 1195 1489 occul

773 1511 813 1541 to
834 1505 981 1542 locutus
1004 1517 1088 1542 sum
1109 1505 1199 1542 nihil

772 1558 898 1608 21quid
918 1571 979 1596 me
1000 1560 1212 1608 interrogas

774 1644 974 1695 Interroga
994 1658 1059 1683 eos
1079 1646 1144 1695 qui

773 1712 835 1736 me
855 1701 1056 1737 audierunt
1076 1699 1167 1749 quid

774 1753 922 1791 locutus
943 1766 1027 1791 sum
1047 1754 1136 1803 ipsis
1157 1766 1200 1791 ec

774 1819 817 1845 ce
838 1806 889 1844 hii
911 1808 1033 1845 sciunt
1053 1820 1150 1857 quae
1171 1807 1208 1844 di

774 1862 893 1898 xerim
913 1873 987 1910 ego

773 1914 800 1934 ²²
811 1914 920 1952 Haec
940 1922 1068 1952 autem
1089 1927 1176 1952 cum
1197 1915 1235 1952 di

774 1969 890 2006 xisset
909 1981 1007 2006 unus
1028 1969 1181 2006 adstans

774 2035 821 2059 ex
841 2023 1023 2060 ministris
1044 2023 1147 2060 dedit

773 2076 942 2125 palmam
962 2076 1026 2113 ihu
1047 2077 1178 2114 dicens

773 2131 827 2168 sic
848 2131 1048 2180 respondis
1069 2130 1232 2180 principi

774 2185 1016 2221 sacerdotum

773 2238 801 2259 ²³
810 2237 1026 2287 Respondit
1067 2238 1102 2275 ei
1144 2238 1201 2275 ihs
1240 2238 1269 2275 si

1152 2290 1269 2345 [male

774 2345 923 2383 locutus
945 2357 1029 2382 sum
1050 2347 1201 2383 testimo

773 2399 878 2436 nium
899 2399 1057 2448 perhibe
1077 2399 1124 2436 de
1144 2412 1208 2437 ma

773 2453 812 2490 lo
833 2454 862 2490 si
884 2461 1011 2490 autem
1032 2454 1130 2490 bene
1151 2453 1242 2503 quid

773 2519 835 2543 me
855 2507 959 2544 cedis

773 2559 802 2580 ²⁴¹
812 2560 917 2597 Misit
932 2572 1024 2609 ergo
1039 2573 1127 2597 eum
1147 2573 1268 2599 annas

775 2615 945 2652 uinctum
966 2614 1015 2651 ad
1034 2615 1208 2664 caipham

773 2669 995 2716 pontificem

774 2721 901 2759 2⁵Erat
922 2728 1050 2759 autem
1071 2722 1194 2759 simon
1219 2733 1267 2771 pe

774 2782 853 2813 trus
873 2782 977 2813 stans
998 2783 1034 2812 et
1055 2775 1174 2813 calefa

775 2830 880 2867 ciens
900 2842 940 2867 se
961 2830 1134 2866 dixerunt
1155 2841 1196 2866 er

773 2895 824 2932 go
844 2883 878 2920 ei
899 2883 1084 2932 numquid
1104 2890 1141 2919 et
1160 2890 1199 2919 tu

774 2949 821 2975 ex
842 2937 1035 2987 discipulis
1055 2938 1136 2975 eius
1156 2944 1213 2974 est

1724 195 1867 234 IOHA
1876 195 2063 236 NNEM

1336 283 1415 313 Fol.
1435 284 1488 313 81.

1336 325 1501 374 Negauit
1521 324 1581 362 ille
1602 331 1638 363 et
1659 324 1752 362 dixit

1334 391 1413 416 non
1433 391 1518 416 sum

1334 432 1469 469 ²6Dicit
1489 444 1585 469 unus
1606 444 1652 469 ex
1673 432 1791 469 seruis

1335 486 1524 535 pontificis
1543 492 1730 534 cognatus

1335 540 1415 576 eius
1436 540 1542 577 cuius
1562 539 1721 576 abscidit

1335 599 1462 642 petrus
1482 593 1690 630 auriculam

1335 658 1463 683 nonne
1484 659 1557 696 ego
1577 652 1612 682 te
1633 646 1709 682 uidi
1728 646 1767 682 in

1335 700 1448 737 horto
1467 712 1555 737 cum
1575 699 1639 736 illo

1334 753 1513 791 ²⁷Iterum
1534 765 1624 802 ergo
1645 758 1776 801 petrus

1335 808 1491 856 negauit
1511 814 1547 844 et
1568 807 1694 844 statim
1714 805 1778 855 gal

1334 861 1392 898 lus
1412 861 1580 899 cantauit

1335 913 1576 952 ²⁸Addueunt
1595 926 1687 963 ergo
1708 914 1789 951 ihm

1336 969 1385 1006 ad
1404 968 1582 1018 caipham
1603 968 1641 1004 in
1663 975 1771 1017 preto

1335 1023 1431 1059 rium
1505 1028 1585 1059 erat
1605 1029 1718 1059 aute*

1336 1088 1449 1113 mane
1470 1082 1507 1112 et
1526 1076 1596 1124 ipsi
1619 1088 1697 1113 non
1718 1077 1756 1112 in

1336 1130 1519 1168 troierunt
1539 1130 1577 1165 in
1597 1129 1792 1178 pretoriu-

1336 1196 1383 1221 ne
1404 1183 1662 1232 polluerentur
1682 1182 1749 1220 sed

1336 1244 1376 1273 ut
1397 1236 1646 1274 manducaret
1666 1248 1735 1285 pas

1337 1291 1408 1328 cha

1337 1345 1471 1382 ²⁹Exiit
1490 1355 1583 1393 ergo
1599 1343 1647 1381 ad
1667 1356 1734 1382 eos
1753 1343 1830 1393 pila

1337 1407 1396 1436 tus
1416 1398 1513 1436 foras
1533 1405 1570 1435 et
1591 1398 1682 1436 dixit
1703 1405 1811 1447 qua-

1337 1452 1625 1489 adcusationem
1646 1451 1751 1488 adfer

1337 1506 1383 1543 tis
1404 1506 1584 1543 aduersus
1604 1505 1791 1543 homine-

1337 1559 1438 1597 hunc

1336 1646 1672 1696 ⁸⁰Responderunt
1696 1652 1732 1683 et
1753 1645 1791 1683 di

1336 1707 1474 1738 xerunt
1494 1700 1528 1737 ei
1567 1701 1597 1737 si
1618 1712 1699 1737 non
1719 1712 1760 1737 es

1337 1761 1393 1792 set
1412 1754 1472 1791 hic
1492 1754 1714 1791 malefactor

1336 1820 1415 1845 non
1435 1809 1502 1845 tibi
1522 1808 1720 1845 tradidisse

1335 1874 1421 1898 mus
1441 1874 1529 1899 eum

1336 1915 1474 1952 ³¹Dixit
1495 1927 1588 1964 ergo
1609 1915 1662 1952 eis
1682 1914 1820 1964 pilatus

1337 1970 1496 2018 accipite
1517 1981 1606 2005 eum
1626 1976 1662 2005 et
1682 1981 1722 2006 se

1337 2023 1506 2061 cundum
1528 2023 1653 2071 legem
1673 2034 1740 2059 ues

1337 2085 1433 2114 tram
1454 2076 1617 2114 iudicate
1639 2076 1743 2113 illum

1336 2131 1527 2168 Dixerunt
1547 2142 1638 2179 ergo
1659 2130 1785 2167 iudaei

1337 2185 1447 2222 nobis
1467 2196 1547 2221 non
1566 2184 1652 2220 licet
1672 2196 1787 2233 quem

1337 2250 1453 2288 quam
1473 2238 1647 2275 occidere

1391 2291 1465 2328 3²ut
1486 2303 1612 2329 sermo
1632 2291 1694 2328 ihu
1715 2291 1767 2327 im

1391 2346 1536 2395 pleatur
1555 2357 1671 2395 quem
1693 2345 1731 2382 di

1392 2400 1444 2436 xit
1465 2400 1685 2448 significans

1391 2466 1466 2503 qua
1485 2460 1607 2490 morte
1628 2459 1728 2490 esset

1390 2507 1595 2545 moriturus

1337 2560 1546 2598 ⁸³Introiuit
1567 2572 1660 2609 ergo
1679 2560 1804 2598 iteru-

1337 2615 1375 2650 in
1399 2615 1608 2663 petrorium
1628 2614 1765 2662 pilatus

1336 2674 1372 2704 et
1394 2669 1546 2705 uocauit
1566 2668 1644 2704 ihm
1665 2675 1702 2704 et

1336 2722 1430 2758 dixit
1450 2722 1499 2758 illi
1520 2728 1560 2757 tu
1581 2733 1621 2758 es
1642 2733 1707 2758 rex
1727 2721 1765 2758 iu

1336 2775 1497 2812 deorum

1336 2829 1421 2866 3*Et
1441 2828 1637 2878 respondit
1656 2829 1714 2866 ihs
1735 2841 1757 2867 a
1777 2835 1813 2866 te

1336 2883 1485 2933 meipso
1506 2883 1580 2921 hoc
1600 2883 1694 2921 dicis

2304 210 2350 243 41

1862 325 1925 362 An
1945 324 2006 362 alii
2025 325 2091 362 tibi
2113 325 2287 362 dixerunt

1863 379 1909 415 de
1930 390 1992 415 me

1862 431 2355 481 ³⁵Responditpilatusnum

1863 486 1952 535 quid
1973 498 2047 534 ego
2066 486 2224 522 iudaeus

1863 552 1946 578 sum
1967 551 2062 588 gens
2082 546 2145 576 tua
2166 546 2202 576 et
2223 540 2313 589 pri-

1863 594 1957 641 cipis
1979 593 2218 630 sacerdotum

1863 647 2097 683 tradiderunt
2118 652 2153 683 te
2174 647 2226 684 mi

1863 698 1900 735 hi
1922 700 2013 748 quid
2034 699 2154 736 fecisti

1863 753 2113 801 3‘³Respondit
2134 753 2191 790 ihs
2204 761 2354 802 regnu*

1864 819 1993 843 meum
2014 818 2093 843 non
2113 813 2169 843 est
2190 806 2236 843 de

1863 860 1938 898 hoc
1960 860 2106 897 mundo
2127 860 2157 897 si
2178 860 2225 897 de

1864 914 1938 952 hoc
1959 913 2105 951 mundo
2124 920 2224 951 esset

1864 980 2026 1016 regnum
2047 979 2175 1004 meum

1863 1022 2023 1058 ministri
2044 1022 2118 1058 mei
2138 1021 2267 1071 utique

1864 1081 2102 1113 concertaret
2159 1084 2196 1111 et

1864 1141 1941 1166 non
1962 1129 2126 1166 traderet
2147 1128 2259 1166 iudae

1863 1184 1894 1220 is
1950 1195 2052 1220 nunc
2073 1188 2201 1219 autem

1862 1249 2024 1286 regnum
2044 1248 2174 1273 meum
2193 1244 2275 1273 no-

1863 1296 1919 1327 est
1939 1290 2025 1327 hinc

1864 1344 2006 1381 3⁷Dixit
2018 1343 2145 1393 itaque
2166 1343 2200 1380 ei
2220 1342 2359 1392 pilatus

1864 1409 1957 1446 ergo
1978 1410 2045 1434 rex
2065 1410 2105 1434 es
2127 1404 2167 1433 tu

1866 1450 2082 1500 Respondit
2103 1451 2158 1487 ihs
2178 1457 2218 1487 tu
2239 1449 2332 1487 dicis

1866 1505 1954 1555 quia
1975 1518 2041 1541 rex
2063 1517 2146 1542 sum
2167 1516 2241 1552 ego

1866 1559 1914 1597 ad
1935 1559 2007 1596 hoc
2028 1565 2139 1596 natus
2160 1569 2246 1595 sum

1865 1645 1952 1695 Ego
1972 1652 2008 1683 et
2029 1645 2077 1682 ad
2097 1645 2169 1682 hoc
2190 1655 2238 1680 ue

1865 1701 1904 1737 ni
1924 1701 1962 1736 in
1982 1699 2084 1737 hunc
2103 1698 2293 1735 mundum

1864 1760 1905 1790 ut
1925 1753 2187 1791 testimonium
2207 1764 2275 1801 per

1865 1807 2021 1845 hibeant
2041 1806 2188 1844 ueritati
2208 1817 2274 1843 om

1865 1862 1923 1899 nis
1945 1862 2010 1911 qui
2030 1867 2086 1898 est
2105 1873 2153 1897 ex
2174 1859 2293 1896 uerita

1865 1923 1901 1952 te
1923 1915 2027 1952 audit
2047 1925 2185 1952 uocem
2205 1918 2320 1949 mea-

1865 1968 2003 2006 ³⁸Dicit
2023 1969 2056 2005 ei
2077 1967 2212 2017 pilatus
2232 1965 2325 2015 quid

1865 2030 1921 2060 est
1942 2022 2079 2059 ueritas
2100 2028 2137 2058 et
2157 2033 2247 2058 cum

1865 2077 1938 2114 hoc
1959 2076 2116 2113 dixisset
2135 2075 2271 2111 iterum

1865 2131 1954 2167 exiit
1975 2130 2024 2167 ad
2043 2129 2201 2166 iudaeos
2222 2135 2260 2165 et

1865 2184 1955 2221 dicit
1975 2185 2028 2221 eis
2048 2194 2122 2232 ego
2142 2182 2285 2219 nullam

1864 2238 2020 2275 inuenio
2039 2237 2078 2274 in
2098 2248 2145 2273 eo
2166 2242 2310 2273 causa*

1865 2292 1956 2328 ³⁹est
1977 2298 2104 2328 autem
2125 2295 2312 2327 consuetu

1865 2346 1916 2383 do
1936 2346 2045 2382 uobis
2065 2351 2106 2381 ut
2126 2355 2248 2379 unum

1865 2400 2053 2437 dimittam
2074 2398 2112 2434 in
2133 2396 2276 2445 pascha

1864 2454 1977 2490 uultis
1997 2464 2090 2501 ergo
2112 2451 2300 2488 dimittam

1864 2507 1974 2544 uobis
1995 2517 2125 2554 regern
2146 2504 2285 2542 iudaeo

1864 2573 1948 2597 rum

1866 2613 2225 2651 ⁴⁰Exclamauerunt
2246 2622 2286 2647 er

1865 2680 1915 2717 go
1936 2679 2072 2705 omnes
2093 2678 2172 2703 non
2193 2664 2296 2701 hunc

1865 2721 1932 2759 sed
1953 2721 2059 2758 rabbi
2078 2720 2263 2757 barabam

1866 2782 1945 2813 erat
1965 2782 2092 2813 autem
2112 2773 2274 2811 barabas

1865 2829 1961 2867 latro
2324 2868 2328 2872 ,

1866 2883 1918 2921 19¹
1934 2883 2048 2920 Tunc
2061 2894 2153 2932 ergo
2165 2878 2361 2929 adprehen
