2504 3382
162 199 208 234 18

157 285 239 315 Fol.
258 284 314 313 35.

157 327 230 364 Pes
251 325 493 363 sacerdotum
536 329 573 360 et

157 381 351 429 ingressus
370 379 469 415 intus
489 376 577 415 sede

156 435 223 471 bat
243 445 331 471 cum
351 431 529 469 ministris
549 435 590 466 ut

155 487 300 524 uideret
319 486 461 523 exitum
482 484 535 521 rei

156 541 184 561 ¹⁵⁹
194 540 379 588 Principis
399 545 527 575 autem
547 547 656 574 sacer

157 594 292 631 dotum
313 600 347 629 et
367 593 589 628 uniuersum

155 647 358 685 concilium
432 656 549 695 quere

157 703 251 738 bant
271 700 408 737 falsum
427 698 579 736 testimo

159 755 266 792 nium
288 761 422 791 contra
442 753 520 789 ihm
540 759 581 788 ut

159 821 248 846 eum
268 808 381 845 morti
401 807 592 844 traderent

157 862 230 899 ⁶⁰et
250 873 330 899 non
349 862 576 898 inuenerunt

158 916 303 953 exitum

158 970 208 1007 Et
228 980 317 1007 cum
337 967 445 1006 multi
466 966 547 1004 falsi
566 973 621 1003 tes

158 1030 216 1060 tes
236 1022 470 1060 adcessisent
486 1032 565 1056 non

160 1077 386 1113 inuenerunt
408 1075 599 1123 quicqua-

160 1131 199 1167 in
221 1142 266 1167 eo

161 1183 380 1221 Nouissime
402 1187 530 1218 autem
549 1192 597 1218 ue

161 1244 298 1274 nerunt
318 1237 394 1273 duo
415 1235 498 1272 falsi
519 1242 576 1272 tes

161 1298 276 1328 testes
297 1290 367 1327 ⁶¹et
387 1289 564 1326 dixerunt

159 1344 375 1382 audiuimus
396 1343 496 1380 hunc
517 1342 554 1379 di

161 1399 260 1435 xisse

162 1452 326 1489 Possum
347 1449 537 1486 destruere
557 1448 631 1486 hoc

159 1505 346 1554 templum
366 1502 404 1539 eti
425 1510 460 1540 et
480 1514 551 1551 pos
571 1503 615 1540 tri

163 1560 281 1596 duum
302 1557 392 1594 illud
412 1557 538 1593 reaedi

162 1644 295 1681 Ficare

162 1697 244 1735 ⁶²Et
264 1708 424 1745 surgens
444 1697 622 1745 princeps

163 1751 404 1789 sacerdotum
425 1752 474 1787 ait
494 1750 545 1786 illi

163 1804 253 1842 nihil
274 1804 484 1854 respondes
505 1804 553 1841 ad
574 1815 619 1841 ea

162 1871 258 1907 quae
282 1859 354 1907 ipsi
374 1857 577 1895 aduersum

163 1919 198 1949 te
220 1912 466 1949 testificantur

163 1966 254 2003 ⁶³ihs
274 1971 398 2003 autern
419 1966 568 2002 tacebat

165 2020 215 2057 Et
235 2019 444 2068 respondes
465 2020 642 2067 princeps

165 2073 405 2111 sacerdotum
426 2073 474 2109 ait
494 2073 543 2108 illi

165 2127 298 2164 adiuro
318 2134 351 2163 te
372 2139 439 2175 per
459 2125 525 2162 dm
545 2126 582 2163 ui

165 2193 259 2217 uum
279 2188 319 2217 ut
340 2180 442 2217 dicas
463 2181 573 2216 nobis

166 2235 197 2271 si
215 2241 254 2271 tu
276 2246 316 2271 es
332 2237 403 2282 xps
420 2234 516 2270 filius
532 2233 570 2270 di
587 2233 665 2270 uibi

165 2287 301 2325 ⁵4Dicit
321 2287 372 2324 illi
392 2287 448 2324 ihs
469 2294 508 2323 tu
529 2287 650 2324 dixisti

167 2349 296 2379 tamen
318 2341 405 2378 dico
427 2341 536 2378 uobis

167 2396 309 2433 amodo
329 2395 504 2432 uidebitis
525 2394 575 2430 fili

169 2461 234 2486 um
254 2448 418 2485 hominis
476 2448 593 2485 seden

168 2510 244 2539 tem
266 2503 314 2539 ad
335 2504 506 2540 dextram
527 2503 583 2538 uir

171 2557 261 2593 tutis
282 2562 317 2593 et
336 2557 553 2593 uenientem

173 2622 260 2646 cum
281 2611 444 2646 nubibus
465 2609 559 2646 caeli

173 2662 317 2699 ⁶5Tunc
328 2664 501 2711 princeps
509 2662 666 2700 sacerdo

173 2722 254 2753 tum
338 2717 447 2753 scidit
466 2718 656 2754 uestirne*

176 2776 213 2806 ta
234 2781 301 2806 sua
322 2770 452 2806 dicens
472 2770 629 2818 blasphe

172 2823 293 2859 mauit
366 2823 457 2871 quid
477 2823 602 2860 adhuc

175 2888 332 2926 egemus
352 2877 508 2914 testibus
528 2888 615 2914 ecce

400 193 443 231 E
447 192 515 230 UA
522 190 719 230 NGELI
720 190 809 228 UM
842 188 917 227 SE
918 187 951 226 C

688 320 802 358 Nunc
822 318 978 357 audistis
997 317 1079 367 plas

687 373 882 425 phemiam
902 373 983 409 eius
1003 370 1126 421 ⁶⁶quid

689 428 797 465 uobis
815 427 966 464 uidetur

689 482 753 519 Ad
772 481 823 518 illi
843 478 1123 529 responderunt

690 542 727 573 et
748 535 925 572 dixerunt
944 544 1029 571 reus
1048 538 1105 570 est

689 589 805 626 morti

689 643 716 663 ⁶⁷
726 642 838 679 Tunc
859 647 1073 690 expuerunt
1094 640 1133 676 in

691 696 827 734 faciem
847 696 926 732 eius
947 702 983 731 et
1003 694 1088 731 cola

690 750 775 799 phis
795 749 1013 787 ceciderunt
1033 759 1122 784 eum

690 804 895 841 6>'dicentes
914 801 1094 851 profetiza

691 857 804 895 nobis
824 863 898 905 xpe
920 855 1006 904 quis
1025 860 1082 891 est
1103 853 1167 903 qui

689 918 725 948 te
745 909 929 959 percussit

691 965 856 1001 ⁶⁹Petrus
877 974 970 999 uero
993 960 1151 998 sedebat

690 1018 781 1055 foris
801 1018 839 1053 in
859 1016 954 1053 atrio
975 1022 1011 1052 et
1031 1014 1080 1051 ad

692 1071 803 1109 cessit
824 1069 871 1107 ad
892 1081 980 1107 eum
1000 1080 1078 1105 una
1098 1074 1146 1105 a-

692 1125 776 1162 cilia
797 1124 927 1161 dicens
949 1130 984 1160 et
1005 1129 1044 1159 tu

693 1191 781 1216 curn
801 1178 864 1214 ihu
885 1176 1020 1226 galileo
1041 1187 1124 1213 eras

691 1232 783 1269 ⁷⁰Ad
803 1232 862 1268 ille
883 1230 1038 1279 negauit
1058 1236 1179 1266 cora-

694 1286 873 1323 omnibus
898 1285 1027 1322 dicens

692 1340 821 1377 nescio
842 1338 932 1388 quid
952 1338 1054 1375 dices

693 1394 902 1430 ⁷1Exeunte
924 1398 1051 1429 autem
1072 1390 1178 1427 illum

692 1448 845 1484 ianuam
864 1446 958 1483 uidit
977 1457 1066 1482 eum

693 1501 765 1539 alia
785 1500 921 1538 ancilla
959 1506 996 1536 et
1016 1499 1066 1535 ait

694 1556 747 1593 eis
768 1555 832 1604 qui
854 1560 961 1591 erant
981 1553 1031 1589 ibi
1069 1557 1106 1589 et

694 1642 770 1679 Hic
792 1648 871 1678 erat
890 1653 975 1679 curn
998 1640 1061 1677 ihu
1082 1651 1131 1676 na

693 1707 803 1732 zareo

691 1749 777 1786 72Et
792 1749 926 1785 iterum
941 1747 1096 1796 negauit
1112 1753 1191 1784 cu-

693 1803 907 1840 iuramento
927 1801 1056 1839 dicens

693 1869 772 1894 non
792 1855 885 1893 noui
905 1855 1101 1892 hominem

690 1910 780 1947 ⁷3Et
799 1916 885 1959 post
906 1909 1083 1958 pusillum
1106 1908 1154 1946 ad

696 1970 889 2002 cesserunt
910 1963 974 2011 qui
994 1963 1044 1999 ibi
1066 1969 1122 1999 sta

694 2019 788 2055 bant
808 2024 843 2055 et
865 2017 1041 2054 dixerunt
1061 2028 1108 2065 pe

695 2079 753 2109 tro
791 2083 879 2108 uere
899 2083 944 2108 ex
966 2071 1036 2107 illis
1056 2082 1097 2107 es

697 2133 737 2163 tu
756 2137 847 2162 nam
867 2132 903 2162 et
922 2124 1088 2173 loquella

698 2187 762 2216 tua
783 2178 921 2216 similes
941 2186 998 2215 est
1018 2178 1051 2215 ei

697 2232 846 2270 74Tunc
867 2233 991 2281 coepit
1012 2231 1151 2269 deuota

698 2299 736 2323 re
758 2298 797 2323 se
818 2293 854 2322 et
874 2286 994 2322 iurare
1015 2285 1119 2334 quod

698 2352 778 2377 non
798 2340 951 2377 nouisse
976 2339 1081 2376 homi

697 2406 787 2431 nem

698 2448 747 2485 Et
768 2447 949 2484 continuo
970 2446 1093 2495 gallus

701 2501 868 2538 cantauit

698 2555 782 2592 75Et
802 2560 1077 2592 rememoratus
1098 2560 1153 2591 est

700 2616 827 2658 petrus
843 2608 950 2645 uerbi
970 2608 1035 2644 ihu

702 2662 805 2711 quod
827 2662 971 2699 dixerat
992 2669 1079 2699 ante

702 2729 818 2765 quam
839 2715 960 2764 gallus
980 2722 1105 2753 cantet

700 2777 755 2806 ter
775 2782 836 2806 me
856 2770 1015 2818 negabis

702 2823 751 2860 Et
771 2835 943 2872 egressus
964 2823 1064 2861 foras
1085 2835 1172 2860 ama

702 2876 847 2914 tissime
867 2877 1027 2925 plorauit

1513 184 1600 222 MA
1613 184 1652 221 T
1650 184 1690 221 T
1681 183 1725 220 E
1728 183 1821 222 UM
1869 181 1994 236 [XXVI.
2015 190 2202 232 58-xxv11.
2228 199 2279 233 19.

1252 274 1333 303 Fol.
1351 275 1410 303 36.

1252 316 1305 353 27¹
1320 316 1438 353 Mane
1453 321 1581 352 autem
1591 326 1678 352 cum
1689 314 1746 352 fae

1253 378 1331 407 tum
1351 376 1449 407 esset
1468 369 1660 406 consiliu-

1254 428 1485 471 acceperunt
1567 432 1703 458 omnes

1255 476 1436 525 principis
1456 474 1697 512 sacerdotum

1254 537 1291 568 et
1311 531 1476 567 seniores
1496 528 1619 577 plebis
1639 527 1687 564 ad

1253 595 1387 621 uersus
1406 583 1486 619 ihm
1505 588 1546 619 ut
1566 593 1656 618 eum

1254 638 1366 675 morti
1386 636 1575 674 traderent
1594 634 1650 672 2et

1253 692 1424 728 uinctum
1444 690 1684 727 adduxerunt

1254 757 1341 782 eum
1362 752 1398 782 et
1417 743 1652 781 tradiderunt

1255 799 1387 847 pontio
1407 798 1524 847 pilato
1544 795 1684 846 presidi

1254 851 1390 889 ⁸Tunc
1404 851 1539 888 uidens
1559 849 1666 887 iudas
1685 848 1750 898 qui

1254 918 1343 942 eum
1362 904 1513 942 tradidit
1533 904 1622 953 quia

1255 959 1455 996 damnatus
1475 964 1530 995 est
1549 957 1706 1006 penite*

1255 1013 1306 1050 tia
1325 1013 1459 1050 ductus
1479 1011 1618 1049 rettulit

1255 1079 1334 1103 xxx
1358 1087 1365 1095 ·
1387 1072 1590 1115 argenteos
1611 1064 1696 1113 prin

1256 1121 1404 1170 cipibus
1425 1119 1666 1157 sacerdotum

1256 1182 1293 1211 et
1314 1174 1527 1211 senioribus
1548 1173 1699 1210 4dicens

1256 1228 1412 1277 peccaui
1433 1226 1537 1276 quod
1557 1226 1654 1264 tradi

1259 1282 1379 1319 derim
1400 1281 1628 1330 sanguinem

1255 1336 1396 1373 iustum

1258 1389 1320 1426 Ad
1339 1389 1388 1425 illi
1409 1387 1584 1425 dixerunt
1604 1385 1695 1436 quid

1258 1443 1305 1480 ad
1326 1454 1397 1480 nos
1421 1448 1463 1479 tu
1482 1441 1621 1478 uideris

1259 1496 1326 1534 5Et
1346 1496 1521 1545 proiectis
1541 1493 1731 1542 argenteis

1259 1552 1297 1587 in
1316 1549 1460 1599 templo
1482 1549 1635 1586 secessit
1654 1555 1691 1584 et

1259 1637 1362 1674 Abiit
1382 1643 1417 1674 et
1438 1636 1576 1685 laqueo
1597 1647 1636 1672 se
1657 1646 1721 1672 sus

1259 1691 1391 1740 pendit

1259 1746 1390 1782 ⁶Tunc
1404 1743 1584 1793 principis
1599 1741 1758 1780 sacerdo

1260 1806 1341 1836 tum
1362 1799 1529 1847 acceptis
1549 1809 1666 1846 argen

1261 1854 1329 1890 teis
1350 1853 1524 1889 dixerunt
1543 1863 1624 1889 non

1262 1907 1348 1944 licet
1368 1918 1434 1943 eos
1455 1906 1601 1943 mittere
1617 1917 1683 1942 eos

1263 1961 1302 1997 in
1321 1960 1487 1998 loculum
1508 1959 1597 2008 quia
1616 1971 1683 2008 pre

1263 2015 1356 2051 tium
1378 2014 1573 2062 sanguinis
1594 2019 1651 2050 est

1263 2068 1459 2106 ⁷Consilio
1481 2075 1609 2104 autem
1631 2065 1679 2103 ad

1265 2128 1378 2171 cepto
1398 2122 1494 2158 inter
1514 2133 1553 2158 se
1593 2133 1679 2158 eme

1264 2183 1350 2213 runt
1369 2187 1503 2224 agrum
1524 2174 1628 2223 figuli

1264 2231 1301 2266 in
1322 2229 1513 2278 sepultura
1534 2228 1676 2277 pelegri

1265 2295 1402 2321 norum
1439 2283 1612 2332 gpropter
1633 2283 1707 2319 hoc

1265 2344 1425 2375 uocatus
1446 2344 1500 2374 est
1521 2348 1611 2385 ager
1629 2336 1654 2372 il

1264 2391 1298 2428 le
1319 2389 1590 2428 acheldemach
1612 2389 1685 2427 hoc

1265 2452 1321 2483 est
1342 2456 1434 2492 ager
1453 2443 1648 2492 sanguinis

1266 2511 1386 2548 usque
1407 2498 1446 2534 in
1465 2497 1696 2534 hodiernum

1266 2552 1368 2589 diem

1266 2606 1403 2643 ⁹Tunc
1423 2604 1662 2653 adinpletum
1682 2610 1738 2642 est

1267 2660 1373 2709 quod
1394 2659 1537 2696 dictum
1557 2665 1611 2695 est
1633 2671 1701 2707 per

1267 2714 1490 2751 hieremiam
1512 2712 1694 2762 profeta*

1267 2768 1459 2805 dicentem

1321 2828 1357 2859 et
1379 2821 1612 2869 adceperunt

1321 2887 1397 2912 xxx
1423 2895 1430 2903 ·
1452 2879 1654 2923 argenteos

1837 314 2006 351 Pretium
2027 313 2226 363 adpretiati

1837 368 1942 416 quod
1963 368 2183 416 adpretiaue

1836 429 1922 458 runt
1941 434 1964 459 a
1983 422 2066 458 filiis
2086 419 2236 458 istrahel

1837 474 1909 512 1⁰et
1929 475 2099 512 dederun
2119 486 2185 512 eos
2206 474 2246 510 in

1837 540 1973 576 agrum
1995 528 2099 578 figuli
2120 529 2215 565 sicut

1839 583 2031 619 constituit
2051 582 2143 618 mihi

1838 634 1923 671 dms

1784 688 1810 708 ¹¹
1819 688 1884 725 Ihs
1904 695 2031 725 autem
2051 688 2151 725 stetit
2170 693 2257 725 ante

1785 741 1978 791 presidem
1998 749 2034 778 et
2053 742 2192 779 interro

1784 796 1890 844 gauit
1909 806 1999 832 eum
2019 807 2149 843 preses
2170 795 2208 831 di

1784 861 1875 887 cens
1896 856 1934 887 tu
1955 861 1995 886 es
2013 861 2080 886 rex
2100 847 2215 886 iudeo

1783 915 1869 940 rum

1785 957 1887 995 Dicit
1905 957 1939 994 ei
1963 956 2019 993 ihs
2039 963 2079 994 tu
2100 956 2192 993 dicis

1785 1010 1870 1048 1²Et
1891 1023 1979 1048 cum
1999 1010 2247 1048 adcusaretur

1787 1077 1809 1102 a
1827 1065 2061 1114 principibus
2082 1076 2189 1101 sacer

1787 1119 1919 1156 dotum
1940 1125 1976 1156 et
1996 1118 2208 1155 senioribus

1787 1172 1881 1209 nihil
1900 1172 2158 1221 respondebat

1786 1225 1938 1264 1³Tune
1959 1225 2046 1263 dicit
2066 1225 2117 1262 illi
2137 1225 2275 1275 pilatus

1788 1292 1868 1318 non
1890 1280 1997 1317 audis
2016 1286 2159 1329 quanta
2179 1279 2228 1315 ad

1788 1345 1944 1371 uersum
1964 1340 2000 1371 te
2020 1333 2206 1371 testifica-

1786 1394 1847 1424 tul·

1787 1441 1874 1478 1“Et
1894 1440 2088 1489 respondit
2105 1440 2139 1478 ei
2164 1439 2285 1477 ullum

1789 1496 1952 1531 uerbum
1972 1495 2023 1531 ita
2041 1501 2083 1530 ut
2101 1494 2198 1531 mira

1789 1555 1891 1585 retur
1911 1559 2042 1597 preses
2059 1547 2156 1584 uehe

1792 1634 1946 1672 Menter

1792 1688 1899 1727 15Per
1921 1688 1978 1726 die
2000 1694 2127 1726 autem
2148 1687 2269 1726 solem

1792 1755 1882 1780 nem
1921 1749 2173 1781 consueuerat

1792 1808 1945 1846 praeses
1965 1796 2151 1833 dimittere
2171 1807 2223 1845 po

1793 1850 1925 1900 pulum
1946 1862 2067 1887 unum
2087 1850 2251 1887 uinctu-

1793 1916 1909 1953 quem
1929 1904 2141 1941 uoluissent
2161 1903 2246 1941 ¹⁶ha

1793 1959 1937 1995 bebant
1958 1964 2084 1994 autem
2105 1958 2194 1994 uinc

1794 2019 1875 2049 tum
1896 2012 2085 2059 insignem
2105 2011 2170 2060 qui
2190 2010 2228 2048 di

1796 2066 1950 2103 cebatur
1970 2066 2158 2102 barabbas

1795 2119 2085 2168 ”Congregatis
2105 2125 2230 2156 autern
2250 2117 2276 2155 il

1797 2174 1840 2210 lis
1854 2173 1947 2210 dixit
1962 2173 2100 2222 pilatus
2138 2184 2254 2221 quern

1797 2227 1909 2264 uultis
1930 2227 2040 2264 uobis
2061 2226 2249 2263 dimittam

1797 2281 1980 2317 barabam
2000 2292 2049 2317 an
2069 2280 2148 2317 ihm
2167 2280 2233 2329 qui

1798 2335 1933 2371 dicitur
1953 2337 2026 2382 xps

1796 2388 1822 2408 ¹⁸
1834 2388 1986 2426 Sciebat
1999 2387 2102 2424 enim
2116 2386 2297 2436 quodper

1796 2441 1979 2478 inuidiam
1999 2440 2235 2479 tradiderunt

1799 2507 1888 2533 eum

1800 2550 1826 2570 ¹⁹
1836 2549 1998 2586 Sedente
2012 2555 2139 2586 autem
2152 2548 2215 2586 illo
2227 2560 2298 2598 pro

1801 2603 1979 2640 tribunali
1999 2603 2099 2639 misit
2118 2602 2165 2639 ad
2186 2602 2211 2639 il

1801 2658 1881 2694 lum
1905 2668 2003 2694 uxor
2022 2657 2102 2693 eius
2123 2655 2253 2692 dicens

1802 2710 1893 2747 nihil
1914 2711 1959 2747 sit
1978 2710 2046 2746 tibi
2067 2716 2103 2746 et
2122 2709 2220 2746 iusto
2241 2709 2265 2745 il

1801 2765 1825 2801 li
1846 2763 1964 2800 multa
1983 2763 2085 2799 enirn
2106 2774 2219 2811 passa

1802 2824 1889 2855 sunt
1909 2817 2022 2854 hodie
2043 2823 2198 2865 propter

1799 2871 1904 2909 illum
