2504 3382
292 197 325 223 v.
350 197 468 222 12-v1.
489 181 538 235 7.]
595 182 1007 222 EUANGELIUM
1029 183 1138 222 SEC

290 270 375 300 Fol.
391 272 471 300 103.

291 312 379 349 Dfie
400 314 429 349 si
450 313 506 349 uis
526 317 634 361 potes
655 324 717 349 me

290 365 477 402 mundare
497 365 566 402 1‘'et
587 366 770 403 extendes

289 431 450 456 manum
469 419 589 468 tetigit
608 420 715 456 illum

290 472 421 510 dicens
440 473 532 509 uolo
551 473 737 510 mundare

289 531 326 562 et
347 525 549 563 confestim
569 527 672 575 lepra
692 527 772 564 eius

289 579 458 616 discessit
474 580 522 617 ab
538 580 601 617 illo
618 579 689 617 ¹4et
704 582 785 629 ipse

287 633 456 682 precepit
475 633 526 670 illi
546 641 586 670 ut
606 635 749 671 nemini

287 686 429 724 diceret
467 687 535 724 sed
554 687 651 724 uade
671 700 714 725 os

286 740 401 777 tende
422 746 458 777 te
479 741 739 779 sacerdotibus

286 801 323 830 et
344 793 460 830 offers
480 806 524 842 pr
543 794 712 832 emunda

284 847 431 884 tionem
451 854 556 885 tuam
576 849 673 886 sicut

285 901 478 949 praecepit
498 914 651 950 moyses
673 908 712 938 ut

285 953 332 990 sit
353 955 392 991 in
412 955 671 993 testimonium

283 1006 358 1044 hoc
378 1009 490 1045 uobis

284 1059 616 1098 ¹⁵Perambulabat
636 1067 765 1098 autem

283 1115 407 1162 magis
428 1126 552 1151 sermo
574 1114 621 1151 de
641 1115 704 1151 illo

283 1174 322 1204 et
342 1168 626 1204 conueniebant
647 1174 707 1204 tur

282 1221 353 1257 bae
373 1221 513 1257 multae
533 1227 575 1257 ut
594 1221 682 1258 audi

280 1280 365 1310 rent
384 1286 472 1311 eum
493 1280 529 1311 et
550 1281 711 1311 curare*

282 1333 344 1364 tur
363 1329 412 1365 ab
431 1327 713 1366 infirmitatibus

279 1381 357 1418 suis

280 1433 403 1484 ¹⁶Ipse
419 1441 547 1472 autem
563 1435 721 1473 sedebat
741 1436 779 1473 in

279 1488 431 1526 deserto
451 1495 488 1525 et
508 1490 640 1526 orabat
686 1487 779 1542 [una

280 1551 328 1578 XI
363 1542 453 1579 ”Et
472 1543 624 1592 saelum
658 1548 710 1581 est
740 1546 780 1581 in

278 1628 440 1666 Dierum
461 1636 497 1665 et
516 1629 597 1678 ipse
618 1641 658 1666 se

281 1682 396 1720 debat
416 1683 560 1720 docens
581 1690 617 1720 et

277 1744 384 1773 erant
405 1737 567 1786 pharisei
587 1737 639 1774 do

277 1797 407 1827 centes
427 1797 463 1827 et
483 1790 577 1839 legis
598 1790 671 1828 doc

278 1850 382 1881 tores
403 1845 467 1893 qui
487 1851 673 1881 uenerant

275 1909 324 1934 ex
345 1898 451 1935 omni
471 1898 625 1936 castello
646 1911 695 1947 ga

276 1951 384 1988 lileae
405 1958 441 1988 et
461 1952 619 1989 iudaeae
640 1959 677 1989 et

274 2004 506 2043 iherusalem
527 2012 563 2042 et
584 2007 703 2043 uirtus

275 2065 355 2096 erat
377 2059 442 2097 dni
461 2059 510 2097 ad
530 2060 726 2098 sanandos

274 2125 343 2150 eos
523 2111 594 2150 ¹⁸et
614 2126 657 2151 ec

274 2178 318 2204 ce
338 2166 408 2203 uiri
428 2173 624 2216 portantes
644 2168 683 2204 in

274 2220 376 2258 lecto
397 2219 596 2258 hominem
617 2221 683 2270 qui

274 2281 352 2311 erat
372 2275 600 2324 paralyticus
638 2281 676 2312 et

273 2327 485 2376 querebant
505 2341 594 2366 eurn
614 2329 654 2366 in

272 2382 369 2418 ferre
390 2389 426 2419 et
447 2394 591 2431 ponere
611 2394 660 2419 an

272 2441 309 2472 te
330 2448 419 2472 eum
439 2435 511 2472 ¹⁹et
530 2448 610 2473 non
630 2435 755 2473 inueni

272 2496 381 2527 entes
401 2502 476 2538 qua
496 2496 604 2538 parte
624 2502 713 2527 eum

271 2543 452 2580 inferrent
472 2555 539 2592 pre
560 2544 690 2581 turbas

272 2597 526 2634 ascenderunt
547 2608 659 2646 supra

270 2657 415 2688 tectum
436 2658 472 2687 et
493 2663 560 2699 per
580 2657 671 2700 tegu

271 2704 328 2742 las
348 2705 618 2741 summiserunt
638 2705 663 2742 il

270 2759 351 2795 lum
370 2770 458 2795 cum
479 2758 577 2796 lecto
597 2759 637 2795 in

269 2812 398 2849 medio
419 2819 507 2849 ante
527 2813 606 2849 ihm

272 2866 300 2887 ²⁰
309 2865 487 2912 Quorum
508 2867 623 2904 fidem
643 2873 683 2904 ut
704 2867 740 2904 ui

823 312 890 350 Dit
909 313 966 351 ihs
987 313 1081 351 dixit
1100 314 1220 351 homo

821 367 977 404 remissa
998 373 1086 405 sunt
1106 367 1173 405 tibi
1192 379 1264 416 pec

820 427 905 458 cata
925 427 987 458 tua

820 474 904 511 ²¹Et
924 479 1128 523 coeperunt
1148 474 1235 522 cogi

821 534 899 565 tare
921 528 1066 565 scribae
1086 533 1123 564 et
1142 527 1217 576 pha

819 582 905 619 risei
944 582 981 618 in
1003 581 1182 619 cordibus

819 635 897 672 suis
917 634 1087 672 dicentes
1106 635 1191 684 quis

818 695 875 725 est
895 688 953 725 hic
973 688 1037 737 qui
1057 688 1225 737 loquitur

817 742 1074 790 blasphemias
1094 741 1178 790 quis

818 801 944 845 potest
965 795 1152 832 dimittere
1173 806 1244 843 pec

819 855 945 886 catum
966 849 1036 885 nisi
1056 849 1159 885 solus
1179 848 1226 886 ds

818 902 845 923 ²²
855 902 907 939 Ut
927 903 1109 951 cognouit
1128 909 1257 940 autem

818 956 876 993 ihs
896 956 1147 1004 cogitationes
1166 968 1214 994 eo

818 1022 902 1046 rum
922 1009 1015 1046 dixit
1035 1010 1084 1047 ad
1103 1009 1187 1047 illos

818 1063 910 1111 quid
930 1064 1104 1111 cogitatis
1124 1064 1162 1099 in
1181 1075 1249 1101 cor

819 1117 930 1153 dibus
951 1117 1086 1154 uestris
1123 1115 1250 1166 ²³quid

817 1176 873 1207 est
893 1170 1041 1207 facilius
1062 1170 1188 1207 dicere

816 1223 975 1260 remissa
996 1229 1084 1260 sunt
1102 1223 1169 1260 tibi

816 1283 975 1325 peccata
995 1284 1061 1313 tua
1116 1283 1181 1314 aut

814 1330 938 1367 dicere
959 1342 1069 1379 surge
1090 1336 1126 1367 et

815 1384 970 1421 ambula
1043 1384 1119 1421 ²4ut
1139 1384 1193 1421 sci

815 1438 884 1475 atis
904 1444 1032 1475 autem
1054 1438 1142 1487 quia
1163 1438 1187 1474 fi

814 1491 886 1528 lius
906 1491 1071 1529 hominis
1091 1491 1205 1529 habet

814 1552 1043 1595 potestatem
1062 1546 1102 1582 in
1121 1549 1248 1583 terra·-

814 1630 1040 1668 Dimittendi
1061 1639 1221 1679 peccata

814 1684 865 1721 ait
886 1684 1092 1734 paraletico
1112 1685 1178 1722 tibi
1199 1685 1237 1723 di

813 1750 861 1775 co
883 1750 995 1787 surge
1015 1739 1104 1776 tolle
1122 1739 1250 1776 lectu-

813 1798 921 1828 tuum
941 1799 979 1830 et
998 1793 1099 1830 uade
1119 1793 1158 1830 in
1179 1793 1229 1831 do

811 1857 918 1882 mum
939 1852 1042 1882 tuam

810 1899 894 1936 2⁵Et
915 1899 1115 1937 confestim
1136 1911 1297 1949 surgens

811 1965 942 1991 coram
962 1953 1055 2002 ipsis
1075 1954 1156 1990 tulit
1177 1955 1216 1991 in

810 2019 889 2056 quo
909 2007 1056 2044 iacebat
1077 2015 1114 2044 et
1133 2008 1224 2045 abiit

812 2061 851 2098 in
872 2061 1032 2098 domum
1054 2073 1162 2098 suam
1183 2074 1274 2112 mag

810 2114 970 2152 nificans
989 2114 1058 2151 dm
1095 2115 1163 2152 ²⁶et
1183 2122 1244 2152 stu

810 2180 881 2217 por
900 2168 1151 2217 adprehendit
1171 2181 1236 2207 om

809 2234 878 2259 nes
897 2228 934 2259 et
954 2223 1237 2271 magnificaba-

809 2274 877 2312 dm
896 2283 933 2313 et
952 2277 1085 2325 repleti
1105 2284 1194 2314 sunt

808 2329 942 2367 timore
963 2329 1132 2368 dicentes

808 2383 898 2432 quia
917 2383 1082 2421 uidimus
1102 2384 1199 2422 mira

807 2437 896 2474 bilia
916 2437 1031 2474 hodie

808 2500 873 2526 XII
882 2491 955 2528 27Ε
953 2495 969 2527 l
971 2495 1060 2540 post
1069 2491 1156 2528 haec
1167 2492 1266 2529 exz'z't
1274 2496 1309 2529 et

806 2545 899 2582 uidit
920 2546 1166 2594 publicanum

806 2599 964 2636 nomine
984 2599 1085 2636 leuui
1106 2599 1225 2637 sede·-

805 2659 883 2689 tem
904 2652 952 2689 ad
972 2652 1192 2690 theloneum

805 2712 842 2743 et
863 2706 913 2743 ait
932 2706 983 2743 illi
1004 2718 1162 2755 sequere

804 2771 868 2797 me
887 2760 957 2797 ²²³et
976 2760 1111 2798 relictis
1130 2772 1197 2798 om

806 2814 919 2851 nibus
939 2825 1100 2862 surgens
1121 2825 1210 2852 secu

805 2874 865 2906 tus
885 2874 941 2906 est
961 2880 1049 2906 eum

1784 187 2079 226 LUCANUM

1391 272 1473 302 Fol.
1490 274 1569 302 104.

1389 314 1471 351 2⁹Et
1494 314 1581 352 fecit
1604 315 1656 352 illi
1677 316 1887 353 conuiuiu-

1389 379 1575 416 magnum
1594 369 1695 406 leuui
1713 370 1753 406 in
1773 370 1824 408 do

1388 432 1453 458 mo
1473 433 1542 458 sua
1615 429 1651 460 et
1671 430 1749 460 erat
1769 430 1830 461 tur

1387 474 1436 511 ba
1455 475 1574 512 multa
1593 477 1802 524 publicano

1386 540 1471 564 rum
1491 535 1529 565 et
1548 529 1708 566 aliorum
1729 531 1794 579 qui

1384 593 1472 618 cum
1492 581 1562 618 illis
1583 590 1689 621 erant
1708 583 1766 621 dis

1384 635 1598 672 cunbentes

1384 688 1471 725 g‘’Et
1491 696 1825 727 murmurauerunt

1385 741 1573 791 pharisaei
1592 750 1629 779 et
1649 743 1771 780 scribe

1385 796 1552 834 dicentes
1573 796 1621 834 ad
1642 797 1789 846 discipu

1385 849 1442 887 lus
1462 850 1543 887 eius
1563 863 1680 899 quare
1701 863 1789 888 cum

1385 903 1594 951 publicanis
1614 912 1649 941 et
1670 916 1789 953 pecca

1384 958 1529 995 toribus
1549 958 1758 996 manducat

1383 1016 1420 1047 et
1440 1011 1536 1048 bibit

1383 1062 1468 1101 81Εῖ
1487 1064 1727 1113 respondens
1748 1065 1807 1103 ihs
1828 1065 1865 1103 di

1384 1118 1438 1154 xit
1457 1118 1505 1155 ad
1525 1119 1608 1156 illos
1629 1131 1709 1156 non
1728 1127 1829 1167 ege-

1384 1172 1449 1220 qui
1470 1172 1552 1208 sani
1574 1179 1660 1209 sunt
1680 1174 1784 1210 medi

1386 1237 1474 1261 cum
1513 1225 1579 1262 sed
1599 1226 1663 1274 qui
1683 1238 1749 1263 ma

1383 1278 1417 1315 le
1437 1278 1581 1316 habent
1635 1279 1750 1317 ³²non
1771 1291 1817 1317 ue

1383 1332 1422 1368 ni
1442 1344 1580 1370 uocare
1601 1333 1719 1371 iustos
1739 1333 1807 1370 sed

1382 1392 1602 1434 peccatores
1622 1387 1661 1424 in
1681 1387 1769 1436 peni

1383 1440 1542 1476 tentiam

1382 1493 1480 1530 33Αᾰ
1492 1494 1544 1530 illi
1557 1493 1732 1530 dixerunt
1745 1494 1794 1531 ad
1807 1502 1883 1531 eu-

1382 1559 1499 1596 quare
1520 1547 1694 1596 discipuli
1714 1548 1752 1585 io

1382 1631 1536 1670 Hannis
1556 1633 1726 1671 ieiunant

1380 1686 1597 1736 frequenter
1615 1694 1653 1725 et
1673 1689 1750 1736 pha

1381 1741 1566 1778 riseorum
1586 1748 1623 1778 et
1643 1742 1737 1779 obse

1381 1795 1568 1832 crationes
1588 1794 1729 1832 faciunt

1380 1848 1556 1897 discipuli
1577 1857 1707 1885 autem
1727 1849 1780 1886 tui

1381 1902 1501 1939 edunt
1520 1909 1557 1940 et
1579 1903 1713 1939 bibunt

1378 1955 1567 2002 “Quibus
1587 1956 1668 2005 ipse
1689 1956 1740 1993 ait
1760 1968 1853 1993 num

1615 2014 1651 2040 nt

1378 2051 1471 2101 quid
1491 2064 1651 2101 possum
1672 2053 1722 2090 fili
1743 2062 1845 2103 spo-

1379 2107 1409 2143 si
1429 2105 1522 2143 dum
1543 2119 1633 2144 cum
1653 2106 1725 2144 illis
1746 2114 1803 2145 est

1379 2171 1542 2208 sponsus
1562 2161 1729 2198 ieiunare

1377 2213 1538 2251 ⁸⁵ueniet
1558 2221 1686 2251 autem
1707 2214 1787 2253 dies

1377 2279 1466 2305 cum
1487 2267 1677 2305 auferetur
1697 2269 1746 2306 ab

1376 2321 1429 2358 eis
1449 2333 1614 2370 sponsus
1635 2329 1672 2359 et
1690 2328 1782 2360 tunc

1375 2375 1600 2413 ieiunabunt
1620 2376 1659 2413 in
1678 2376 1749 2414 illis

1375 2429 1510 2466 diebus

1374 2482 1515 2520 ⁹⁶Dixit
1534 2488 1664 2520 autern
1684 2489 1721 2520 et
1742 2484 1828 2521 simi

1374 2536 1575 2574 litudinem
1595 2537 1644 2574 ad
1664 2537 1746 2574 illos

1373 2590 1464 2639 quia
1483 2602 1598 2628 nemo
1618 2590 1767 2628 comnis

1373 2656 1515 2680 suram·
1537 2656 1559 2680 a
1578 2644 1767 2681 uestimen

1373 2703 1425 2735 to·
1446 2709 1551 2734 nouo
1571 2697 1722 2734 inmittit
1741 2697 1780 2734 in

1372 2751 1484 2787 mittit
1504 2752 1542 2787 in
1563 2752 1752 2788 uestimen

1370 2811 1450 2841 tum
1470 2810 1581 2842 uetus
1600 2804 1772 2853 alioqui-

1370 2864 1406 2895 et
1425 2869 1569 2896 nouum
1589 2859 1732 2908 rumpit

1369 2919 1406 2950 et
1426 2918 1593 2951 ueterem
1613 2924 1692 2951 non

2366 203 2414 241 53

1920 316 2112 355 Conuenit
2132 321 2295 356 commis

1919 382 2006 407 sura
2026 382 2048 407 a
2069 383 2174 409 nouo
2229 372 2302 410 ³⁷et
2321 385 2370 411 ne

1918 435 1984 461 mo
2004 424 2116 461 mittit
2135 424 2268 462 uinum

1917 489 2064 514 nouum
2083 478 2122 514 in
2141 484 2242 516 utres
2261 491 2309 516 ue

1917 531 2004 568 teris
2024 531 2194 581 alioquin
2213 544 2299 570 rum

1918 591 1982 633 pet
2001 585 2134 622 uinum
2153 598 2299 623 nouum

1918 644 2022 675 utres
2041 645 2078 675 et
2098 639 2210 687 ipsud
2229 639 2335 676 effu*

1919 690 2028 727 detur
2046 698 2081 728 et
2101 698 2204 730 utres
2225 705 2273 741 pe

1918 744 2046 781 ribunt
2064 745 2092 765 ³⁸
2102 745 2168 782 sed
2187 746 2322 783 uinum

1919 809 2067 834 nouum
2086 798 2125 834 in
2144 805 2246 836 utres
2267 811 2319 837 no

1917 862 1989 888 uus
2009 852 2161 888 mittunt
2180 859 2216 889 et
2235 861 2319 889 utra

1918 916 1993 952 que
2013 912 2290 943 conseruantur

1919 967 2003 995 XIII
2017 967 2035 995 6
2047 957 2222 996 ¹Facmm
2238 963 2290 996 est
2300 964 2418 997 autem

1918 1012 1958 1049 in
1978 1013 2137 1050 sabbato
2157 1013 2327 1051 secundo

1918 1066 2086 1115 primum
2106 1078 2194 1104 cum
2215 1073 2299 1104 tran

1919 1120 2008 1157 siret
2028 1132 2096 1168 per
2116 1121 2304 1157 seminata

1918 1173 2109 1210 uellebant
2129 1173 2304 1223 discipuli

1918 1227 1999 1263 eius
2020 1227 2142 1275 spicas
2162 1234 2198 1264 et
2218 1227 2363 1265 mandu

1918 1281 2057 1317 cabant
2076 1279 2272 1318 confrican

1918 1340 1974 1370 tes
1994 1334 2171 1370 manibus
2190 1334 2326 1383 2aliqui

1917 1393 2045 1424 autem
2064 1387 2314 1435 phariseoru-

1918 1440 2096 1478 dicebant
2115 1441 2185 1478 illis
2206 1441 2300 1490 quid

1917 1494 2038 1533 facitis
2059 1495 2225 1532 sabbatis
2245 1507 2325 1533 non

1917 1548 2006 1586 licet

1917 1632 1988 1670 3Εἰ
2007 1633 2243 1682 respondens
2264 1633 2320 1671 ihs
2342 1634 2380 1672 di

1917 1688 1970 1726 xit
1990 1687 2059 1724 illis
2079 1699 2150 1724 nec
2171 1688 2243 1725 boc
2264 1688 2356 1736 Iegis

1915 1742 1963 1778 tis
1983 1741 2075 1790 quid
2095 1741 2180 1778 fecit
2199 1741 2315 1779 dauid
2335 1748 2416 1779 cu-

1916 1795 2042 1832 esuriit
2062 1795 2142 1844 ipse
2161 1802 2197 1832 et
2218 1796 2282 1844 qui
2303 1807 2393 1833 eum

1916 1860 1962 1886 eo
1982 1855 2089 1886 erant
2108 1849 2328 1898 ⁴qu0modo
2347 1849 2387 1886 in

1914 1902 2027 1939 trauit
2045 1903 2084 1939 in
2103 1902 2262 1939 domurn
2282 1902 2322 1939 di

1920 1963 1957 1993 et
1978 1968 2099 2005 panes
2118 1956 2333 2005 propositio

1914 2009 1972 2046 nis
1993 2010 2153 2058 sumpsit
2172 2016 2208 2047 et
2228 2022 2320 2047 man

1914 2063 2065 2100 ducauit
2085 2070 2122 2100 et
2143 2063 2246 2101 dedit
2265 2063 2322 2102 his

1913 2117 1978 2167 qui
1998 2129 2087 2155 cum
2107 2117 2191 2166 ipso
2210 2124 2320 2155 erant

1912 2183 2010 2220 quos
2030 2183 2111 2208 non
2130 2171 2217 2209 licet
2237 2183 2330 2209 man

1911 2225 2051 2262 ducare
2071 2225 2144 2262 nisi
2165 2225 2253 2263 solis
2275 2237 2318 2263 sa

1910 2279 2129 2316 cerdotibus

1910 2331 1980 2370 ⁵Et
2001 2333 2152 2370 dicebat
2170 2331 2241 2368 illis
2262 2332 2351 2381 quia
2370 2333 2395 2369 fi

1908 2386 1980 2424 lius
2001 2386 2085 2423 dfiis
2106 2385 2271 2423 hominis
2291 2393 2349 2423 est

1908 2440 2023 2477 etiam
2043 2439 2190 2477 sabbati

1907 2493 2086 2531 ⁶Factum
2106 2499 2163 2531 est
2183 2498 2312 2529 autem
2332 2493 2370 2529 in

1906 2547 1981 2584 alio
2002 2548 2162 2584 sabbato
2181 2552 2222 2583 ut
2241 2546 2338 2584 intra

1907 2607 1962 2638 ret
1982 2601 2020 2637 in
2041 2611 2239 2649 synagoga
2259 2606 2297 2637 et

1907 2654 2062 2692 doceret
2083 2662 2120 2691 et
2140 2660 2220 2692 erat
2240 2653 2292 2690 ibi

1908 2707 2028 2745 homo
2049 2714 2086 2745 et
2104 2719 2242 2745 manus
2263 2707 2344 2745 eius

1905 2761 2038 2799 dextra
2057 2768 2137 2799 erat
2157 2760 2291 2798 harida

1904 2815 2195 2854 ⁷Obseruabant
2213 2821 2343 2852 autem

1903 2870 2049 2908 scribae
2069 2876 2106 2908 et
2124 2869 2312 2920 pharisaei
