2504 3382
141 206 190 243 50
371 191 784 231 EUANGELJUM
804 190 916 229 SEC

138 282 220 312 Fol.
236 284 294 314 97.

140 326 323 363 Rusalem
343 325 381 361 in
402 324 462 362 die
483 323 603 362 solem

138 379 176 416 ni
197 379 361 427 paschae

663 323 711 360 Et
732 323 835 359 uenit
854 320 1033 358 nazareht

664 384 700 413 et
721 383 799 413 erat
819 375 990 413 subditus
1011 374 1080 411 illis

133 432 312 469 1111⁴²El
321 432 533 480 cumfaclus
548 434 635 467 esset
664 430 713 467 Et
732 436 853 466 mater
873 429 953 466 eius
973 440 1108 466 conser

137 487 195 523 ihs
216 497 403 522 annorum
423 497 489 522 ΧΠ·
528 492 565 521 et

139 539 399 577 ascendissent
418 539 456 574 in
476 537 539 574 ihe

137 592 302 630 rusalem
323 591 535 628 secundum

137 645 454 684 consuetudinem
475 644 546 681 diei

139 700 222 737 sesti
260 700 286 719 ⁴³
295 698 528 736 consumatis

138 765 212 802 que
233 752 365 790 diebus
384 764 474 788 cum
493 763 532 788 re

139 808 263 844 dirent
301 806 480 843 remansit

139 860 198 897 ihs
218 872 311 909 puer
330 860 369 896 in
388 859 536 896 iherusa

139 914 215 951 lem
254 920 290 950 et
311 925 388 950 non
409 924 533 960 cogno

139 969 193 1004 uit
213 967 270 1003 ihs
290 974 326 1003 et
345 973 464 1002 mater
484 966 563 1002 eius

138 1021 432 1057 “existimantes
452 1018 555 1055 illum

141 1086 270 1111 secum
290 1072 460 1110 comitari

139 1127 189 1164 Et
209 1133 394 1164 uenerunt
413 1125 481 1162 iter
501 1124 574 1162 diei

140 1189 176 1218 et
196 1180 439 1229 requirebant
459 1191 547 1216 eum

141 1235 237 1272 inter
257 1240 444 1283 cognatos

141 1295 178 1326 et
198 1295 311 1325 notos
367 1288 437 1323 ³5et
458 1298 536 1324 non

141 1342 377 1379 inuenientes
397 1352 486 1377 euin

142 1395 303 1444 regressi
324 1402 411 1431 sunt
431 1395 469 1430 in
489 1393 549 1430 ihe

143 1449 306 1486 rusalem
325 1448 501 1496 requiren

141 1510 198 1539 tes
219 1514 306 1539 eum
363 1503 432 1538 45et
452 1501 579 1538 factu*

142 1563 199 1593 est
219 1567 290 1605 pos
310 1555 433 1592 triduo
454 1555 541 1591 inue

144 1642 294 1680 Nerunt
315 1654 403 1679 eum
423 1642 463 1678 in

142 1697 286 1745 templo
307 1696 503 1733 sedentem

143 1751 180 1787 in
201 1750 327 1787 medio
349 1749 537 1786 doctoru’‘

143 1804 358 1841 audientem
379 1803 462 1840 illos
483 1809 519 1840 et

143 1859 437 1906 interrogantem
457 1868 525 1894 eos

143 1911 390 1960 4⁷Stupebant
411 1918 537 1947 autern
558 1922 623 1947 om

144 1977 211 2002 nes
232 1965 295 2014 qui
315 1964 519 2001 audiebant

144 2031 233 2056 eum
254 2030 367 2066 super
387 2017 535 2066 pruden

145 2073 236 2108 tiam
257 2072 430 2120 responsi
450 2072 530 2108 eius

145 2126 230 2162 ⁴¹8Et
242 2126 324 2162 uiso
340 2125 402 2161 illo
418 2130 638 2173 expaueru‘

145 2186 182 2216 et
203 2179 295 2216 dixit
316 2185 436 2215 mater
455 2179 536 2215 eius

146 2233 195 2270 ad
216 2233 320 2269 illum
341 2232 391 2268 fili
411 2232 502 2281 quid
522 2231 557 2268 fe

147 2287 230 2324 cisti
250 2286 361 2323 nobis
382 2286 434 2322 sic
455 2285 568 2323 dole—

147 2347 203 2377 tes
224 2347 259 2376 et
281 2340 393 2376 tristis
413 2351 528 2388 quere

147 2395 285 2430 bamus
305 2400 341 2430 te

148 2447 231 2484 ⁴⁹Et
244 2448 292 2484 ait
307 2447 354 2484 ad
369 2447 451 2484 illos
482 2446 573 2496 quid
585 2453 641 2483 est

149 2501 254 2549 quod
273 2500 488 2549 querebatis

150 2566 211 2590 me
249 2554 401 2591 nescitis
422 2554 508 2603 quia

151 2620 190 2643 in
211 2615 324 2655 patris
344 2608 418 2644 mei
456 2620 554 2656 opor

152 2667 205 2696 tet
225 2672 284 2696 me
306 2667 403 2697 esset
456 2661 528 2697 ⁶⁰et
548 2662 586 2709 ip

153 2714 183 2750 si
203 2725 282 2749 non
303 2714 565 2750 intellexerunt

154 2767 314 2803 uerbum
336 2767 439 2814 quod
459 2767 546 2804 locu

155 2827 214 2856 tus
235 2826 289 2856 est
310 2819 356 2856 ad
378 2820 460 2856 illos
479 2820 547 2858 ⁵¹et
568 2821 635 2858 des

155 2873 283 2911 cendit
304 2885 393 2910 cum
414 2873 483 2910 illis

663 483 779 521 uabat
799 483 929 520 omnia
948 482 1065 519 uerba

664 537 758 574 haec
778 537 816 572 in
836 536 951 574 corde
973 547 1041 572 suo

664 590 747 627 52Εἰ
768 590 824 627 ihs
843 589 1066 638 proficiebat
1086 599 1130 625 ae

664 652 739 681 tate
760 651 797 681 et
817 642 1041 692 sapientiam

665 705 702 735 et
722 697 842 747 gratia
861 704 953 747 aput
972 695 1040 732 dm
1059 701 1096 732 et

665 751 841 788 homines

669 804 741 840 ζῐ31
761 804 872 841 Anno
891 808 1008 840 aulem
1028 804 1117 850 quin

666 865 705 895 to
726 858 876 895 decimo
898 856 1044 905 imperii

666 912 787 948 tiberii
808 911 942 948 cesaris
963 921 1033 958 pro

665 971 819 1002 curante
840 964 974 1012 pontio
993 962 1069 1011 pila

666 1025 705 1055 to
726 1017 882 1054 iudaeae
903 1016 1092 1053 tetrarcha

667 1078 793 1109 autem
813 1070 971 1118 galileae
992 1069 1039 1106 he

666 1125 757 1162 rode
778 1124 951 1173 philippo
972 1131 1100 1160 autem

667 1178 779 1215 fratre
799 1179 878 1215 eius
898 1177 1086 1214 tetrarcha

667 1233 809 1269 itureae
830 1238 866 1268 et
885 1231 1060 1268 traconiti

669 1286 726 1323 dis
746 1285 910 1334 regionis
931 1292 967 1322 et
987 1285 1068 1333 lysa

669 1340 732 1377 nio
753 1340 924 1376 ablianae
945 1345 1058 1375 tetrar

670 1394 742 1431 cha
762 1393 852 1430 ²sub
871 1392 1103 1441 principibus

670 1447 912 1484 sacerdotum
931 1458 1031 1483 anna
1051 1458 1072 1482 e

671 1500 805 1550 caipha

670 1554 833 1592 Factum
852 1560 908 1591 est
927 1553 1088 1590 uerbum

672 1641 749 1678 Dfii
769 1653 880 1690 super
898 1640 1106 1678 iohannem

672 1695 790 1732 filium
810 1694 1026 1731 zacchariae

671 1749 710 1785 in
731 1749 880 1785 deserto
899 1748 956 1784 3et
976 1748 1081 1784 uenit

669 1803 708 1839 in
730 1814 885 1839 omnem
905 1802 1089 1849 regione-

669 1855 863 1893 iordannis
883 1855 1108 1904 praedica-'s

670 1910 902 1958 baptismum
922 1909 1078 1958 penite-

671 1971 744 2000 tiae

671 2017 798 2054 4Sicut
819 2016 998 2065 scriptum
1015 2022 1071 2052 est
1088 2016 1126 2053 in
1142 2015 1166 2053 li

672 2072 741 2108 bro
761 2071 967 2107 uerborum
987 2070 1063 2107 esei

672 2137 716 2161 ae
736 2123 946 2173 prophetae

725 2190 802 2215 uox
824 2177 1023 2215 clamantis
1043 2178 1081 2214 in

726 2232 873 2269 deserto
911 2238 1041 2280 parate

727 2286 831 2322 uiam
851 2285 929 2322 dmi
966 2292 1089 2322 rectas

727 2339 838 2376 facite
859 2339 1012 2375 semitas
1033 2339 1114 2376 eius

728 2393 874 2429 5onmis
893 2392 1000 2429 uallis
1021 2392 1122 2441 inple

729 2447 827 2483 bitur
864 2453 900 2482 et
920 2446 1045 2482 omnis

729 2511 842 2537 mons
878 2507 914 2535 et
935 2499 1039 2536 collis
1059 2498 1110 2536 hu

729 2553 932 2590 miliabitur
969 2561 1005 2589 et

731 2619 824 2644 erun
846 2619 964 2656 praua
984 2607 1023 2643 in

732 2661 874 2698 directa
911 2668 947 2697 et
967 2673 1059 2709 aspe

733 2727 793 2751 ras
814 2715 852 2751 in
873 2715 953 2751 uias
974 2714 1109 2763 planas

734 2768 791 2804 6et
810 2768 954 2805 uidebit
975 2769 1101 2805 omnis

736 2834 824 2859 caro
845 2822 1046 2858 salutarem
1067 2821 1106 2858 di

680 2874 862 2912 ⁷Dicebat
881 2887 972 2923 ergo
992 2874 1106 2912 iohan

1613 187 1913 226 LUCANUM
1967 185 2026 240 [11.
2046 200 2172 234 41-111.
2195 202 2247 225 22.

1226 278 1307 307 1¹01.
1324 278 1387 307 98.

1227 320 1307 357 Nes
1327 319 1376 356 ad
1394 318 1525 356 turbas
1545 329 1618 367 que

1226 374 1404 410 exiebant
1423 378 1464 408 ut
1484 372 1636 419 baptiza

1226 433 1355 464 rentur
1374 426 1423 463 ab
1442 424 1504 461 illo
1525 436 1623 473 gene

1225 480 1319 517 ratio
1339 479 1558 528 uiperarum

1227 534 1311 583 quis
1332 531 1498 570 ostendit
1517 531 1627 567 uobis

1227 587 1355 636 fugere
1377 586 1426 622 ab
1445 585 1499 622 ira
1518 591 1637 621 uentu

1226 652 1267 677 ra
1323 639 1452 676 8facite
1473 650 1564 687 ergo
1583 637 1666 675 fruc

1226 700 1286 731 tus
1306 693 1444 742 dignus
1464 692 1620 741 peniten

1226 748 1298 784 tiae
1373 754 1410 783 et
1429 758 1477 782 ne
1497 757 1618 794 coepe

1228 801 1306 837 ritis
1327 799 1451 837 dicere
1472 805 1620 848 patrem

1228 854 1413 891 habemus
1434 852 1629 889 habraha‘

1228 907 1313 945 dico
1333 906 1446 943 uobis
1466 906 1554 955 quia
1574 917 1626 954 po

1227 968 1311 997 tens
1331 967 1387 996 est
1406 959 1453 996 ds
1474 960 1520 996 de
1540 957 1655 1008 lapidi

1228 1015 1300 1051 bus
1319 1013 1399 1050 istis
1418 1013 1598 1050 suscitare

1229 1068 1326 1105 filios
1346 1066 1500 1105 istrahel

1230 1121 1335 1159 ⁹Iam
1354 1121 1457 1158 enim
1478 1119 1621 1158 securis
1641 1119 1689 1157 ad

1229 1175 1397 1213 radicem
1417 1175 1597 1212 arborum

1231 1229 1357 1278 posita
1377 1235 1434 1266 est

1233 1282 1371 1321 Omnis
1391 1282 1502 1319 arbor
1523 1292 1602 1318 non
1622 1280 1659 1318 fa

1233 1338 1336 1374 ciens
1357 1336 1519 1372 fructum
1540 1347 1587 1371 ex

1233 1390 1378 1428 cidetur
1397 1396 1434 1426 et
1454 1389 1493 1426 in
1513 1389 1600 1437 igne
1621 1387 1689 1424 mit

1231 1451 1330 1481 tetur

1233 1497 1316 1534 10Et
1336 1498 1666 1544 interrogauerunt

1234 1563 1322 1588 eum
1342 1550 1474 1587 turbae
1495 1549 1606 1586 dicen

1235 1638 1314 1675 Tes
1351 1635 1444 1686 quid
1465 1635 1651 1673 faciemus

1235 1692 1259 1711 ¹¹
1268 1690 1505 1739 respondens
1525 1694 1639 1725 aute-

1235 1745 1385 1783 dicebat
1404 1743 1474 1780 illis
1494 1743 1559 1792 qui
1578 1742 1627 1779 ha

1236 1800 1298 1836 bet
1319 1799 1413 1836 duas
1433 1798 1580 1834 tunicas

1236 1853 1300 1890 det
1320 1863 1399 1889 non
1418 1850 1575 1888 habenti
1596 1857 1633 1887 et

1237 1907 1301 1957 qui
1321 1905 1435 1943 habet
1455 1905 1577 1942 bonas
1597 1916 1638 1942 es

1236 1973 1300 1998 cas
1320 1959 1433 1997 faciat
1453 1958 1622 1995 similiter

1236 2014 1471 2052 ¹²Uenerunt
1491 2018 1618 2049 autem
1639 2018 1675 2048 et

1237 2066 1430 2118 publicani
1450 2073 1490 2102 ut
1510 2066 1614 2115 bapti

1237 2130 1414 2160 zarentur
1452 2127 1488 2158 et
1508 2120 1594 2157 dixe

1237 2183 1323 2214 runt
1343 2175 1392 2214 ad
1412 2173 1516 2212 illum
1537 2186 1601 2211 ma

1236 2231 1351 2279 gister
1370 2228 1464 2279 quid
1484 2227 1668 2266 faciemus

1237 2284 1319 2321 ¹³ad
1339 2284 1400 2321 ille
1422 2282 1513 2321 dixit
1532 2281 1625 2319 nihil
1645 2292 1708 2318 am

1238 2338 1337 2387 plius
1357 2338 1463 2388 quod
1482 2335 1643 2384 exigatis

1239 2403 1355 2441 quam
1375 2390 1480 2440 quod
1500 2389 1623 2427 consti

1238 2452 1320 2482 tum
1340 2452 1396 2482 est
1417 2443 1524 2482 uobis

1239 2498 1610 2547 1⁴¹Interrogauerunt

1239 2560 1367 2590 autem
1386 2564 1475 2588 eum
1495 2557 1532 2588 et
1552 2550 1604 2586 mi

1239 2607 1322 2644 lites
1342 2606 1512 2643 dicentes
1532 2602 1624 2653 quid

1241 2660 1424 2697 faciemus
1444 2666 1480 2695 et
1500 2670 1570 2696 nos
1590 2664 1627 2694 et

1242 2715 1292 2751 ait
1313 2714 1384 2751 illis
1405 2713 1600 2750 neminem

1242 2767 1467 2806 concutiatis
1486 2777 1610 2815 neque

1242 2821 1473 2859 calumniam
1494 2819 1638 2857 faciatis

1242 2882 1278 2912 et
1299 2874 1468 2913 contenti
1487 2880 1608 2910 estote

1754 317 1955 366 Stipendiis
1974 317 2108 355 uestris

1752 371 2040 408 ¹⁵Existimante
2061 378 2190 408 autem

1752 424 1899 473 populo
1919 431 1955 461 et
1975 425 2157 473 cogitanti

1753 478 1825 514 bus
1845 478 2025 515 omnibus
2044 478 2083 514 in
2103 489 2170 515 cor

1755 530 1864 568 dibus
1885 532 1960 568 suis
1981 531 2027 568 de
2048 531 2164 568 iohan

1754 595 1803 620 ne
1823 596 1872 621 ne
1893 585 1986 621 sorte
2006 585 2085 633 ipse
2106 591 2162 621 est

1754 640 1827 684 xps

1754 688 1780 710 ¹⁵
1789 689 2005 738 Respondit
2025 690 2154 728 dicens
2173 702 2238 728 om

1755 743 1868 780 nibus
1887 755 1961 792 ego
1981 743 2136 792 quidem

1756 808 1828 834 uos
1848 809 1947 846 aqua
1966 798 2118 846 baptizo
2139 797 2179 833 in

1758 851 2031 900 paenitentiam
2068 850 2174 887 uenit

1757 910 1884 941 autem
1906 904 2037 941 fortior
2056 916 2118 940 me

1758 958 1865 995 cuius
1885 969 1963 994 non
1984 969 2068 994 sum
2089 957 2154 1006 dig

1759 1023 1830 1049 nus
1850 1011 2101 1048 calciamenta
2121 1022 2192 1059 por

1758 1072 1838 1102 tare
1875 1065 1955 1114 ipse
1975 1077 2046 1102 uos
2066 1065 2172 1113 bapti

1759 1119 1858 1156 zabit
1879 1119 1917 1155 in
1938 1121 2008 1166 spu
2030 1122 2096 1155 sco
2115 1125 2152 1154 et
2171 1117 2210 1166 ig

1760 1173 1799 1210 ni
1819 1172 1890 1209 ¹⁷et
1909 1172 2163 1209 uentilabrum

1760 1227 1798 1264 in
1818 1237 1936 1262 manu
1955 1226 2036 1263 eius
2055 1232 2092 1262 et
2112 1237 2183 1274 pur

1760 1280 1866 1329 gabit
1886 1279 2041 1316 haream
2063 1290 2173 1316 suam

1761 1341 1798 1370 et
1818 1333 2066 1381 congregabit
2086 1333 2132 1369 tri

1761 1387 1880 1424 ticum
1900 1388 1938 1423 in
1958 1387 2140 1423 horreum

1763 1453 1875 1479 suum
1896 1440 2025 1490 paleas
2045 1446 2175 1476 autem

1762 1495 1947 1531 conburet
1967 1494 2045 1542 igni
2064 1493 2154 1530 inex

1762 1547 1949 1596 tinguibili

1764 1635 1923 1673 ¹⁸Multa
1943 1634 2097 1685 quidem
2117 1639 2154 1670 et
2174 1632 2246 1670 alia

1765 1689 1972 1727 exhortans
1992 1686 2168 1736 euangeli

1764 1745 1875 1781 zabat
1895 1742 2081 1793 populum

1766 1797 1978 1835 ¹⁹Her0des
1998 1802 2128 1833 autem
2147 1799 2262 1831 tetrar

1765 1851 1839 1889 cha
1858 1863 1946 1889 curn
1967 1849 2152 1897 corripere

1765 1912 1824 1942 tur
1844 1906 1892 1942 ab
1912 1904 1975 1941 illo
1996 1903 2043 1940 de
2064 1900 2207 1939 herode

1766 1959 1837 1997 ade
1857 1969 1977 1995 uxore
1997 1956 2119 1994 fratris
2139 1954 2197 1992 sui

1766 2019 1804 2050 et
1824 2012 1870 2049 de
1890 2011 2068 2049 omnibus
2088 2007 2198 2045 malis

1766 2078 1866 2115 quae
1885 2065 1972 2103 fecit
1991 2063 2154 2100 herodes

1767 2120 1839 2157 ²⁰et
1859 2119 1996 2157 adiecit
2016 2118 2090 2154 hoc
2110 2126 2225 2164 super

1767 2173 1898 2211 omnia
1917 2180 1954 2209 et
1972 2170 2123 2209 inclusit
2143 2170 2181 2206 io

1767 2227 1935 2264 hannem
1956 2226 1994 2263 in
2015 2228 2194 2263 carcere-

1772 2281 1841 2318 lJ1²¹
1848 2280 2005 2317 Factum
2012 2283 2063 2316 est
2067 2282 2184 2315 aulem
2192 2281 2264 2313 cu-

1767 2335 1981 2384 baptizatus
2001 2338 2099 2370 esset
2119 2342 2185 2368 om

1768 2390 1827 2426 nis
1847 2387 2010 2437 populus
2047 2392 2084 2422 et
2104 2385 2168 2422 ihu
2187 2384 2265 2432 bap

1769 2443 1906 2480 tizante
1926 2448 1963 2478 et
1983 2446 2160 2478 orantem

1771 2504 1946 2546 apertum
1966 2501 2021 2532 est
2042 2493 2192 2531 caelum

1771 2550 1843 2588 2²'et
1863 2548 2059 2586 descendit
2079 2550 2144 2595 sps
2164 2549 2225 2583 scs

1771 2602 1958 2652 corporali
1979 2601 2129 2650 speciae

1771 2658 1866 2696 sicut
1886 2656 2064 2694 columba
2083 2654 2121 2690 in
2142 2653 2180 2700 ip

1771 2723 1857 2749 sum
1877 2718 1913 2747 et
1932 2720 2010 2747 uox
2031 2708 2078 2745 de
2098 2706 2182 2744 celo

1770 2765 1870 2803 facta
1889 2769 1945 2800 est
1965 2762 2096 2799 dicens

1825 2817 1922 2854 filius
1941 2826 2051 2852 meus
2071 2825 2110 2850 es
2130 2820 2172 2849 tu

1878 2868 1922 2899 ho

1824 2924 1896 2961 ego
1917 2911 1975 2948 die
1997 2910 2111 2960 genui
2131 2917 2167 2946 te
