2504 3382
121 206 170 243 54

120 283 203 312 1¹01.
217 283 298 312 105.

123 325 161 362 Si
180 326 338 362 sabbato
359 330 505 361 curaret
524 330 564 360 ut

277 387 298 407 Π

119 421 309 458 inueniret
329 419 429 457 unde
449 431 522 456 acu

119 482 293 511 sarentur
311 473 414 510 illum

121 527 229 576 53Ipse
249 538 341 564 uero
361 525 504 563 sciebat
527 524 615 574 cogi

117 581 280 618 tationes
300 590 432 616 eorum
452 585 489 615 et

117 634 167 671 ait
187 633 331 670 homini
352 633 416 681 qui
435 631 534 669 habe

117 687 181 724 bat
200 698 358 723 manum
377 685 521 722 aridam

117 752 228 788 surge
249 747 284 777 et
305 747 362 776 sta
381 740 420 776 in
440 738 567 776 medio

117 800 154 831 et
175 805 334 842 surgens
355 794 459 830 stetis
479 792 550 828 ⁹ait

115 854 243 884 autem
263 846 310 883 ad
330 846 411 884 illos
431 846 489 883 ihs
508 846 548 882 in

115 901 317 949 terrogabo
336 912 407 936 uos
427 900 456 936 si
476 899 500 935 li

115 961 176 992 cet
196 954 355 991 sabbato
374 954 472 989 bene
493 951 532 988 fa

115 1019 200 1045 cere
220 1019 268 1043 an
287 1005 385 1043 male
405 1005 530 1042 facere

115 1061 283 1097 animam
304 1059 449 1096 saluam
468 1058 504 1095 fa

115 1125 199 1150 cere
219 1125 268 1149 an
287 1112 443 1161 perdere

113 1166 197 1204 ιοΕῖ
216 1165 498 1214 circumspectis
519 1163 592 1202 illis

114 1221 292 1257 omnibus
312 1220 350 1256 in
371 1220 425 1256 ira
446 1218 540 1255 dixit

114 1273 261 1311 homini
281 1273 442 1310 extende
462 1283 527 1309 ma

113 1339 207 1364 num
227 1334 332 1364 tuam

113 1379 164 1417 Et
183 1381 352 1417 extendit
373 1385 409 1416 et
428 1379 558 1417 restitu

111 1441 152 1471 ta
171 1441 226 1471 θεῖ
245 1445 381 1471 manus
402 1433 481 1470 eius
527 1431 611 1469 11illi

113 1494 239 1525 autem
259 1487 391 1536 repleti
410 1493 496 1523 sunt
516 1486 556 1522 in

113 1541 266 1590 iquitate
286 1548 321 1577 et
341 1540 531 1588 conloque

113 1595 251 1632 bantur
271 1594 319 1631 ad
338 1593 501 1630 inuicem

113 1680 217 1726 Quid
236 1679 402 1717 facerent
423 1678 469 1716 de
490 1678 554 1715 ihu

112 1733 306 1771 ”Factum
325 1740 381 1770 est
401 1739 529 1769 autem

112 1787 152 1824 in
170 1787 240 1824 illis
261 1787 392 1824 diebus
413 1786 502 1824 exiit

113 1841 154 1878 in
173 1847 346 1878 montem
367 1851 474 1877 orare

114 1901 151 1932 et
171 1900 251 1931 erat
270 1900 501 1943 pernoctans

114 1949 153 1985 in
175 1948 389 1986 orationem
408 1947 448 1984 di

114 2011 215 2038 xlm·
224 2001 297 2038 13Ε
294 2005 310 2037 t
314 2014 392 2037 cum
401 2001 610 2050 dz'esfaclus

115 2062 173 2092 est
192 2055 346 2092 uocauit
365 2054 413 2091 ad
433 2066 473 2091 se
494 2054 552 2092 dis

115 2108 264 2158 cipulos
284 2119 374 2145 suos
392 2115 430 2145 et
448 2107 504 2145 ele

115 2163 171 2211 git
192 2161 394 2199 duodecim
415 2174 462 2198 ex
483 2162 520 2210 ip

116 2216 167 2253 sis
189 2227 287 2264 quos
307 2222 343 2252 et
364 2215 558 2263 apostolus

116 2269 328 2306 nominauit
349 2269 480 2306 1⁴simo

116 2334 206 2360 nem
227 2329 376 2371 petrum
397 2334 512 2371 quem

116 2376 405 2425 cognominauit
425 2383 462 2413 et

118 2430 327 2467 andreham
348 2429 498 2466 fratrem

118 2484 197 2520 eius
234 2484 411 2521 iacobum
433 2495 475 2520 ze

118 2536 227 2574 bedei
247 2544 283 2573 et
302 2537 507 2574 iohannem

119 2589 271 2626 fratrem
291 2591 369 2627 eius
407 2590 471 2639 phi

119 2642 267 2691 lippum
287 2651 322 2679 et
342 2644 515 2681 barthole

121 2708 251 2733 meum
289 2697 360 2733 1⁵et
380 2698 577 2734 mattheu‘·

121 2755 160 2786 et
179 2749 350 2786 thomam
384 2757 420 2785 et
437 2751 521 2787 iaco

122 2803 214 2839 burn
234 2802 318 2839 alfei
338 2810 375 2839 et
393 2803 567 2840 simone*

122 2857 186 2904 qui
206 2863 365 2893 uocatur
384 2856 524 2893 zelotes

123 2909 189 2947 16θῖ
209 2909 338 2947 iudam
356 2909 480 2948 iacobi
500 2918 536 2947 ct
556 2911 593 2947 iu

371 195 415 232 E
418 194 487 232 UA
494 193 543 232 N
543 193 691 232 GELI
690 192 783 231 UM
804 193 879 231 SE
881 194 914 231 C

651 321 754 359 Dam
775 320 940 359 scarioth
960 322 1025 371 qui

651 375 772 413 factus
791 382 848 412 est
868 375 1024 412 traditor

650 427 733 465 17Εῖ
753 428 949 466 descendit
970 440 1058 466 cum

649 481 719 518 illis
739 489 776 518 et
797 482 896 519 stetit
916 483 954 518 in
974 482 1062 520 loco

648 535 851 584 campestri
871 541 907 572 et
926 541 987 572 tur

648 588 698 625 ba
718 588 991 637 discipulorum
1013 588 1093 626 eius

648 648 685 678 et
705 641 909 680 multitudo
928 642 1042 691 copio

648 706 690 732 sa
709 695 830 744 plebis
850 696 898 733 ab
917 696 1022 733 omni
1043 696 1081 732 iu

647 748 743 786 daea
763 756 799 786 et
818 749 1047 786 iherusalem

647 809 684 838 et
703 808 808 839 trans
827 802 965 839 fretum
984 808 1021 839 et

647 855 836 892 maritima
856 855 926 902 tyri
947 862 983 891 et

647 908 788 945 sidonis
809 908 907 957 18qui
927 913 1099 944 ueneru-

645 968 686 997 ut
706 961 881 998 audirent
900 973 987 998 eum
1009 967 1046 997 et

646 1021 870 1051 sanarentur
890 1026 912 1051 a
932 1014 995 1050 lan

645 1067 827 1116 guoribus
848 1069 923 1105 suis
944 1074 981 1105 et
1001 1068 1066 1117 qui

645 1122 884 1158 uexebantur
905 1122 952 1158 ab
975 1122 1031 1170 spi

645 1174 777 1211 ritibus
797 1175 991 1212 inmundis

645 1229 875 1264 curabantur
894 1228 965 1265 1‘³et
985 1240 1050 1266 om

644 1281 703 1318 nis
723 1282 831 1318 turba
850 1282 1046 1330 quereba-

645 1346 733 1371 eum
753 1342 908 1383 tangere
929 1336 1018 1384 quia

644 1388 763 1425 uirtus
784 1389 830 1425 de
851 1389 915 1425 illo
935 1390 1020 1426 exie

645 1442 710 1479 bat
730 1448 766 1479 et
787 1443 948 1480 sanabat
969 1454 1034 1480 om

643 1507 713 1532 nes
875 1496 947 1532 20θῖ
967 1496 1006 1545 ip

643 1560 684 1586 se
704 1548 836 1586 leuatis
857 1549 975 1587 oculis
995 1551 1034 1587 in

642 1676 850 1725 discipulos
871 1677 1021 1716 dicebat

642 1729 750 1767 Beati
770 1742 958 1780 pauperes
978 1744 1056 1781 quo

641 1795 746 1820 niam
765 1796 937 1832 lpsorum
956 1795 1012 1823 est

641 1849 803 1885 regnum
823 1838 861 1875 di

643 1890 785 1928 21Beati
806 1892 870 1941 qui
891 1904 992 1930 nunc
1012 1892 1111 1930 esuri

881 1950 916 1976 nt

643 1993 712 2024 unt
732 1994 768 2025 et
789 1988 916 2026 sitium
937 1989 1028 2039 quia
1048 2001 1089 2027 sa

644 2042 870 2079 turabuntur

645 2094 753 2132 Beati
775 2096 838 2144 qui
859 2108 961 2134 nunc
983 2096 1079 2135 fletis

646 2149 735 2197 quia
755 2148 916 2187 ridebitis

644 2201 788 2238 2²Beati
812 2204 912 2240 eritis
933 2215 1022 2241 curn
1041 2215 1113 2241 uos

646 2256 807 2293 odierint
826 2256 1003 2294 homines

647 2316 684 2346 et
704 2321 794 2346 cum
816 2312 1046 2360 separabunt

648 2375 719 2400 uos
745 2372 782 2400 et
802 2376 891 2401 cum
911 2365 1034 2402 eicent

648 2424 685 2454 et
705 2418 974 2466 exprobabunt
994 2430 1047 2456 no

649 2483 739 2508 men
758 2478 928 2508 uestrum
948 2478 1027 2508 tam

650 2537 768 2574 quam
789 2525 933 2562 malum
972 2537 1071 2574 prop

649 2585 705 2616 ter
725 2579 847 2615 filium
867 2578 1033 2616 hominis

651 2632 848 2681 ²³gaudete
869 2633 908 2668 in
928 2632 989 2669 illa
1008 2632 1068 2669 die
1089 2640 1126 2670 et

650 2686 814 2723 exultate
834 2698 923 2723 ecce
943 2686 1045 2722 enim

650 2741 785 2777 mercis
805 2746 932 2777 uestra
952 2740 1030 2776 mul

649 2800 688 2830 ta
707 2800 764 2830 est
784 2794 823 2830 in
843 2793 927 2830 celo
948 2805 1068 2831 secun

1006 2856 1028 2876 n

652 2888 743 2925 dum
763 2888 857 2926 haec
878 2889 1037 2926 faciebat

651 2941 845 2990 prophetis
865 2950 990 2990 patres
1009 2955 1056 2980 eo

653 3007 737 3031 rum
757 2994 923 3032 ²⁴uerum
944 3002 1071 3033 tamen

1623 192 1659 228 L
1667 191 1773 230 UCA
1779 191 1921 229 NUM

1220 278 1303 308 Fol.
1321 278 1402 308 106.

1221 332 1290 358 uae
1310 320 1421 357 uobis
1441 318 1621 356 diuitibus

1219 374 1308 422 quia
1327 373 1474 409 habetis
1493 384 1614 410 consu

1217 426 1399 463 lationem
1419 432 1588 463 uestram

1215 479 1332 516 ²⁵Uae
1352 480 1464 516 uobis
1483 479 1548 527 qui
1569 485 1697 516 satura

1215 533 1241 569 ti
1260 533 1349 570 estis
1369 533 1458 581 quia
1477 532 1647 569 esurietis

1214 585 1298 623 Uae
1318 587 1428 623 uobis
1448 586 1512 635 qui
1531 586 1660 623 ridetis

1215 651 1317 677 nunc
1338 640 1428 688 quia
1446 639 1623 688 lugebitis

1214 700 1251 729 et
1270 693 1408 730 flebitis

1214 745 1331 783 ²⁶Uae
1347 758 1435 784 cum
1452 745 1712 783 benedixerim

1213 800 1323 837 uobis
1343 800 1468 837 omnis
1488 799 1594 836 homi

1213 853 1272 889 nis
1292 853 1505 890 secundum
1525 852 1620 891 haec

1213 905 1373 942 faciebat
1392 906 1612 954 pseudopro

1212 958 1296 996 fetis
1316 966 1444 1008 patres
1463 971 1598 997 eorum

1211 1012 1239 1033 ²⁷
1248 1012 1324 1050 Sed
1339 1013 1449 1050 uobis
1469 1013 1557 1050 dico
1578 1013 1643 1062 qui
1663 1025 1711 1051 au

1212 1065 1297 1103 ditis
1318 1066 1460 1116 diligite
1480 1067 1585 1103 inimi

1212 1131 1279 1157 cos
1300 1127 1449 1157 uestros
1469 1121 1567 1158 bene
1588 1119 1626 1157 fa

1212 1174 1284 1210 cite
1304 1173 1361 1211 his
1381 1175 1448 1222 qui
1467 1174 1630 1211 oderunt

1212 1239 1282 1264 uos
1300 1227 1548 1265 Rhene—dicite
1568 1240 1633 1265 ma

1212 1280 1420 1318 ledicentes
1439 1293 1511 1319 uos
1531 1293 1598 1319 ora

1211 1340 1247 1371 tc
1267 1346 1338 1383 pro
1358 1334 1608 1372 calumnianti

1212 1388 1283 1424 bus
1303 1399 1374 1425 uos
1628 1386 1711 1440 [ma

1211 1441 1295 1478 29Εῖ
1323 1441 1388 1491 qui
1417 1447 1454 1478 te
1482 1443 1643 1490 percutit
1672 1443 1711 1479 in

1211 1494 1338 1532 xillam
1360 1495 1478 1543 prebe
1498 1495 1531 1531 ei
1552 1495 1625 1532 alte

1210 1560 1291 1585 ram
1326 1554 1362 1585 et
1382 1560 1471 1585 eum
1491 1549 1556 1597 qui
1576 1561 1625 1586 au

1210 1677 1320 1715 Feret
1339 1678 1407 1715 tibi
1427 1678 1598 1716 tunicam

1209 1732 1323 1769 etiam
1343 1740 1379 1768 et
1400 1732 1556 1780 pallium

1209 1786 1287 1823 noli
1307 1785 1511 1835 prohibere
1532 1786 1633 1824 30om

1210 1881 1249 1920 ni
1269 1882 1416 1931 potenti
1436 1888 1473 1919 te
1493 1849 1611 1920 tribale

1210 1943 1246 1974 et
1267 1936 1331 1986 qui
1351 1936 1498 1974 auferet
1519 1948 1542 1974 a
1561 1944 1597 1973 te
1618 1949 1693 1986 que

1211 1997 1276 2027 tua
1297 1997 1384 2027 sunt
1404 1990 1482 2028 noli
1503 1990 1616 2039 prohi

1211 2044 1300 2081 bere

1211 2096 1713 2146 ³¹Etproutuultisutfacia’·

1213 2151 1324 2188 uobis
1345 2150 1511 2189 hominis
1532 2151 1605 2189 faci

1213 2205 1260 2241 tis
1279 2204 1350 2241 illis
1370 2204 1538 2242 similiter

1213 2258 1298 2295 32Εῖ
1319 2259 1349 2295 si
1369 2258 1520 2307 diligitis
1540 2269 1605 2295 eos
1625 2259 1690 2309 qui

1214 2324 1286 2349 uos
1307 2311 1469 2361 diligunt
1489 2324 1588 2362 quae
1607 2314 1677 2350 erit

1215 2365 1324 2403 uobis
1344 2365 1465 2414 gratia
1520 2378 1612 2402 narn

1215 2426 1251 2456 et
1271 2427 1493 2468 peccatores
1514 2420 1577 2456 dili

1215 2479 1308 2521 gunt
1327 2472 1526 2521 diligentes
1548 2485 1587 2510 se

1214 2527 1286 2563 ³³et
1307 2526 1337 2563 si
1357 2527 1455 2563 bene
1475 2526 1636 2564 feceritis

1215 2580 1272 2617 his
1291 2580 1355 2628 qui
1374 2580 1485 2617 uobis
1504 2581 1602 2617 bene

1215 2633 1360 2671 faciunt
1396 2645 1495 2683 quae
1514 2646 1566 2671 uo

1216 2688 1275 2725 bis
1294 2688 1364 2724 erit
1383 2688 1500 2736 gratia
1523 2699 1613 2725 cum

1217 2748 1253 2778 et
1273 2749 1495 2790 peccatores
1515 2740 1588 2779 hoc

1218 2794 1357 2832 saciant

1217 2848 1302 2885 8*Et
1322 2848 1352 2885 si
1372 2854 1548 2886 mutuum
1568 2847 1664 2885 dede

1219 2902 1297 2939 ritis
1317 2901 1374 2938 his
1395 2914 1417 2938 a
1437 2902 1576 2950 quibus
1591 2913 1658 2950 spe

1219 2956 1306 2992 ratis
1327 2955 1493 3004 recipere
1513 2967 1609 3004 quae

2057 191 2124 244 [u.
2147 206 2248 242 7-41.

1749 319 1880 358 Gratia
1899 327 1954 358 est
1974 321 2085 360 uobis
2105 335 2195 360 narn

1748 380 1786 411 et
1806 382 2028 422 peccatores
2047 388 2166 424 pecca

1747 427 1894 464 toribus
1912 427 2085 466 fenerant

1747 486 1789 515 ut
1807 480 1991 529 recipiant

1746 531 1928 570 3¹⁵Uerum
1947 541 2076 571 tamen
2095 547 2183 573 ama

1747 591 1784 622 te
1804 586 1977 624 inimicos
1997 595 2144 626 uestros

1749 645 1786 675 et
1805 639 1903 676 bene
1924 640 2035 677 facite
2055 648 2091 678 et
2110 653 2178 679 mu

1747 698 1829 728 tum
1848 692 1934 729 date
1954 694 2045 730 nihil
2065 695 2180 744 despe

1748 752 1875 783 rantes
1896 753 1932 782 et
1952 747 2020 783 erit
2039 759 2120 784 mer

1748 810 1813 836 ces
1832 806 1958 836 uestra
1978 800 2097 837 multa
2115 808 2152 838 et

1747 852 1848 889 eritis
1868 853 1919 889 fili
1939 853 2112 890 altissimi

1747 905 1837 955 quia
1857 907 1937 955 ipse
1957 907 2147 955 benig'nus

1745 967 1802 997 est
1822 971 1936 1008 super
1955 960 2129 1009 ingratos

1746 1020 1782 1049 et
1802 1014 1925 1051 malos

1746 1066 1915 1104 3⁰Estote
1935 1067 2200 1106 misericordes

1746 1121 1841 1157 sicut
1861 1128 1897 1157 et
1917 1128 2024 1170 pater
2044 1129 2172 1159 uester

1745 1174 1964 1212 misericors
1984 1181 2041 1211 est

1745 1226 1908 1264 ³⁷Nolite
1928 1228 2094 1265 iudicare
2115 1235 2152 1265 et
2172 1228 2219 1266 de

1745 1281 1856 1318 uobis
1877 1294 1956 1319 non
1976 1282 2201 1319 iudicabitur

1745 1335 1862 1372 nolite
1883 1335 2105 1372 condemna

1746 1400 1789 1425 re
1810 1396 1850 1424 ut
1871 1401 1949 1426 non
1970 1388 2138 1426 condem

1746 1442 1839 1478 nimi
1858 1442 2035 1479 dimittite
2057 1450 2094 1479 et

1746 1495 1986 1532 dimittemini
2020 1496 2104 1532 ⁸³da

1747 1555 1785 1585 te
1807 1555 1844 1585 et
1866 1548 2016 1585 dabitur
2034 1549 2146 1587 uobis

1747 1676 1974 1715 Mensuram
1994 1679 2140 1716 bonam

1746 1731 2021 1769 conmodatam
2042 1745 2118 1770 con

1746 1785 1884 1822 fersam
1904 1786 2050 1823 dabunt
2069 1798 2115 1823 su

1746 1839 2076 1888 pereffundentem

1747 1893 1787 1929 in
1807 1893 1932 1930 sinum
1951 1900 2122 1931 uestrum

1747 1946 1882 1984 eadem
1902 1959 2122 1984 mensuram

1747 2012 1865 2049 quarn
1885 2001 2025 2037 metitis
2044 2000 2139 2037 remi

1747 2055 1860 2091 tietur
1880 2055 1992 2092 uobis
2011 2054 2200 2092 3⁹dicebat

1747 2115 1878 2145 autem
1897 2114 1934 2145 et
1954 2108 2148 2146 similitudi

1748 2173 1839 2198 nem

1747 2214 1948 2265 Numquid
1968 2222 2093 2264 potest
2113 2226 2225 2253 cecus

1747 2281 1881 2306 cecum
1902 2269 2039 2306 ducere
2059 2281 2140 2307 non

1747 2335 1796 2359 ne
1816 2323 1932 2359 ambo
1951 2323 1990 2358 in
2010 2322 2123 2361 fouea
2143 2335 2188 2360 ca

1749 2376 1840 2413 dent

1746 2429 1873 2467 ⁴⁰Non
1894 2436 1952 2466 est
1978 2429 2183 2479 discipulus
2204 2441 2249 2467 su

1746 2495 1814 2532 per
1834 2483 2059 2532 magistrum
2092 2495 2160 2533 per

1749 2537 1869 2574 fectus
1890 2544 2017 2574 autem
2037 2538 2164 2575 omnis

1748 2591 1818 2627 erit
1837 2597 1879 2627 ut
1899 2591 1946 2628 sit
1966 2592 2062 2628 sicut
2080 2591 2204 2639 magis

1748 2651 1806 2682 ter
1826 2645 1907 2681 eius

1749 2707 1803 2733 xz)
1813 2698 1838 2718 ⁴¹
1846 2698 1950 2744 Quid
1957 2701 2073 2734 aulem
2082 2697 2180 2734 uides
2179 2697 2248 2746 fis

1748 2758 1875 2788 tucam
1896 2752 1934 2787 in
1955 2752 2108 2788 oculum

1748 2804 1870 2841 fratris
1889 2805 1942 2841 tui
1962 2805 2109 2840 trabem

1749 2865 1876 2895 autem
1897 2869 1970 2907 que
1990 2857 2028 2893 in
2049 2857 2166 2895 oculo

1749 2918 1814 2948 tuo
1834 2918 1890 2949 cst
1910 2922 1987 2948 non
2007 2911 2160 2948 conside
