2504 3382
154 194 203 230 26

153 280 233 310 1¹01.
250 280 303 309 51.

153 321 435 359 Testimonium
455 320 563 370 perhi

153 376 232 413 buit
253 376 340 424 quia
360 375 546 424 propheta
565 375 604 411 in

154 442 223 467 sua
243 429 362 477 patria
382 428 568 465 honorem

152 495 233 519 non
253 482 366 519 habet

153 535 282 573 ⁴⁵Cum
295 547 386 583 ergo
400 534 503 572 uenit
519 534 557 570 in
571 533 645 582 gali

153 589 252 626 leam
271 595 502 637 exceperunt
522 588 616 624 illu-

153 642 278 691 galilei
298 642 465 678 uniuersi
485 653 573 678 cum

153 695 336 732 uidissent
357 695 488 732 omnia
507 706 605 744 quae

152 749 241 786 fecit
260 748 509 786 iherosolimis
528 749 567 785 in

154 803 214 840 die
235 802 330 840 festo
350 809 386 839 et
405 802 476 851 ipsi
497 813 586 839 eum

153 863 308 893 uenerat
328 856 368 892 in
384 856 444 893 die
464 855 601 892 festum

153 911 181 931 ‘¹⁶
194 910 308 947 Uenit
328 921 420 957 ergo
440 909 577 946 iterum
597 909 636 945 in

154 962 343 1000 chanaam
363 962 519 1009 galileae

154 1017 220 1054 ubi
239 1016 326 1053 fecit
345 1028 485 1064 aquam
505 1015 625 1052 uinu-

153 1076 232 1107 erat
253 1076 378 1106 autem
398 1069 448 1105 ibi
470 1069 626 1117 queda-

154 1123 307 1171 regulus
327 1123 431 1159 cuius
451 1122 548 1159 filius

154 1177 413 1214 infirmabatur
433 1174 574 1224 caphar

154 1241 232 1267 nau
250 1229 278 1251 4⁷
292 1229 351 1266 hic
372 1242 459 1266 cum
480 1229 588 1266 audis

155 1291 210 1321 set
230 1283 319 1332 quia
338 1283 396 1320 ihs
412 1283 567 1320 aduenit

155 1337 191 1374 A
210 1337 321 1373 iudea
341 1337 380 1373 in
400 1337 575 1385 galileam

155 1391 260 1427 uenit
281 1390 329 1427 ad
348 1402 435 1427 eum
457 1396 492 1427 et
512 1402 554 1427 ro

156 1445 271 1492 gabat
290 1455 378 1480 eum
399 1450 438 1480 ut
459 1444 599 1481 desce-

156 1498 260 1534 deret
281 1504 316 1534 et
336 1504 484 1534 sanaret
504 1496 529 1533 fi

155 1551 247 1588 lium
268 1551 349 1588 eius

156 1637 369 1685 Incipiebat
389 1637 490 1675 enim
511 1638 610 1674 mori

155 1692 183 1712 48
195 1691 301 1727 Dixit
314 1703 406 1740 ergo
421 1691 478 1729 ihs
492 1691 540 1728 ad
559 1703 648 1728 eum

156 1745 227 1782 nisi
249 1745 357 1792 signa
376 1752 411 1782 et
433 1745 608 1794 prodigia

155 1798 321 1835 uideritis
342 1810 419 1836 non
441 1799 590 1836 creditis

156 1852 184 1873 ⁴⁹
198 1851 298 1889 Dicit
318 1853 367 1889 ad
385 1864 474 1889 eum
496 1852 648 1901 regulus

157 1905 244 1942 driie
266 1906 442 1943 discende
463 1907 565 1955 prius

158 1971 274 2007 quarn
294 1968 476 1996 moriatur
497 1971 590 2008 puer

158 2012 186 2033 ⁵⁰
198 2013 248 2049 Et
269 2013 318 2049 ait
336 2013 397 2050 ille
418 2013 476 2050 ihs
496 2013 592 2050 uade

539 2064 654 2118 [filius

158 2126 245 2156 tuus
265 2119 359 2156 uiuit
378 2126 413 2156 et
434 2120 594 2157 credidit

158 2173 220 2210 ille
239 2172 356 2210 homo
377 2175 543 2210 sermoni

158 2238 274 2274 quem
296 2227 390 2264 dixit
411 2227 461 2263 illi
481 2227 538 2264 ihs
560 2234 597 2264 et

158 2281 248 2316 abiit

158 2333 276 2370 ⁶¹Iam
291 2340 418 2370 autem
431 2334 654 2372 descende-

503 2397 518 2418 Σ·

159 2437 194 2467 te
216 2442 261 2467 eo
281 2430 380 2467 serui
400 2442 540 2468 occure

159 2492 245 2520 runt
261 2484 294 2520 ei
311 2492 346 2520 et
362 2485 545 2522 nuntiaue

159 2546 245 2574 runt
264 2537 430 2574 dicentes
450 2539 540 2587 quia

161 2590 257 2627 filius
276 2592 355 2628 eius
378 2592 469 2628 uiuit

161 2643 189 2664 ⁵²
203 2644 453 2693 Interrogabit
474 2657 564 2693 ergo
585 2646 634 2682 ab

162 2697 201 2733 in
221 2709 296 2745 qua
315 2697 410 2734 hora
429 2699 562 2736 melius
581 2697 653 2750 [eis

162 2749 293 2786 habuit

161 2803 211 2840 Et
232 2804 407 2840 dixerunt
427 2804 461 2841 ei
481 2805 567 2853 quia
586 2805 633 2842 he

162 2869 202 2894 re
222 2856 315 2894 hora
335 2858 494 2905 septima
513 2858 580 2895 reli

163 2911 243 2959 quit
262 2922 350 2947 eum
371 2911 483 2948 febris

161 2962 189 2984 ⁶³
205 2963 398 3012 Cognouit
416 2976 508 3013 ergo
528 2971 635 3014 pater

383 191 426 229 E
431 190 698 230 UANGELI
701 190 795 229 UM
823 189 898 228 SE
899 190 933 229 C

1577 188 1719 226 IOHA
1726 187 1914 227 NNEM

1165 289 1176 294 ν
1240 275 1322 306 F'ol.
1338 276 1397 305 52.

679 320 783 365 Quia
803 320 895 356 dixit
915 319 948 356 ei
968 318 1026 356 ihs
1046 318 1144 356 filius

678 381 764 410 tuus
784 373 876 409 uiuit
896 379 932 410 et
951 372 1063 410 crede

680 427 733 464 dit
753 427 833 475 ipse
854 432 890 463 et
906 426 1043 463 domus
1063 426 1145 463 eius

679 486 759 517 tota

679 534 708 555 ⁵4
723 532 810 570 Hoc
825 533 960 570 iterum
973 532 1174 570 secundu-

680 587 831 635 signum
853 587 939 624 fecit
959 587 1016 624 ihs
1036 598 1125 624 cum

679 641 847 677 uenisset
867 653 889 678 a
908 640 1020 678 iudea
1041 640 1079 676 in

679 694 854 743 galileam

681 757 727 783 XI
742 752 760 783 5
776 747 787 766 ¹
799 747 895 784 Post
906 747 992 783 haec
1005 751 1087 783 erat
1099 746 1174 783 dics

681 801 797 838 festus
817 801 1016 838 iudeorum

679 861 716 892 et
737 855 907 891 ascendit
927 854 985 891 ihs
1005 853 1109 890 ihero

682 908 827 945 solimis

681 959 694 980 2
708 961 777 998 Est
796 967 922 997 autem
942 958 1120 997 iherosoli

681 1015 752 1051 rnis
772 1014 811 1050 in
830 1013 1005 1050 inferiore
1026 1025 1094 1061 par

680 1074 717 1105 te
739 1067 924 1104 natatoria
947 1067 1096 1115 piscina

682 1133 755 1170 que
771 1119 902 1158 dicitur
921 1120 1038 1158 hebre

680 1175 761 1212 icae
781 1174 954 1212 betzetha
974 1174 1067 1223 quin

683 1240 756 1277 que
775 1229 941 1276 porticus
962 1228 1107 1264 habens

683 1282 695 1302 ³
711 1283 749 1318 in
770 1282 827 1318 his
848 1281 1089 1318 decunbebat

681 1335 884 1372 multitudo
898 1335 1069 1383 langue-

682 1390 775 1426 tium
798 1401 1001 1426 caecorum
1021 1389 1107 1426 clau

682 1442 818 1480 dorum
840 1443 1032 1479 aridorum

682 1496 965 1545 expectantium
985 1507 1107 1545 aquae

682 1558 816 1588 motus·

682 1634 868 1684 ⁴Angelus
889 1640 1016 1673 autem
1037 1635 1104 1673 des

682 1689 870 1727 cendebat
887 1696 922 1726 et
943 1700 1059 1726 moue

683 1743 747 1780 bat
767 1754 908 1791 aquam
928 1748 964 1780 et
985 1743 1132 1791 quicu-

683 1808 758 1845 que
779 1797 880 1845 prior
901 1796 1100 1833 descendis

684 1858 739 1887 set
759 1862 798 1886 in
821 1857 1004 1887 natatoria
1025 1861 1139 1886 sanus

685 1904 798 1940 fiebat
820 1916 842 1940 a
867 1915 1117 1953 quacumque

686 1958 885 1994 tenebatur
904 1957 1044 1994 infirmi

685 2017 761 2047 tate
936 2011 950 2030 ⁵
966 2018 1044 2048 erat
1064 2018 1180 2048 aute-

687 2065 738 2102 ibi
759 2064 898 2101 homo·
916 2076 994 2101 xxx
1011 2071 1069 2102 -et
1089 2077 1136 2103 oc

687 2126 725 2155 to
747 2130 868 2155 annos
889 2118 1035 2156 habens
1055 2119 1093 2156 in

687 2172 905 2208 infirmitate
926 2184 994 2208 sua

687 2225 699 2245 ⁶
713 2225 830 2262 Hune
850 2237 938 2262 cum
952 2225 1107 2263 uidisset
1122 2225 1180 2262 ihs

687 2280 877 2316 iacentem
898 2291 1047 2327 cognos

687 2344 778 2369 cens
799 2332 887 2381 quia
906 2333 981 2369 iam
1002 2332 1080 2369 mul

687 2392 768 2423 tum
789 2392 940 2433 tempus
959 2385 1110 2423 fecisset

687 2440 727 2476 in
747 2439 929 2488 languore
949 2439 999 2476 ait
1023 2439 1073 2476 illi

686 2494 744 2530 uis
759 2504 874 2530 sanus
891 2493 971 2529 fieri

687 2547 700 2567 ⁷
713 2547 762 2583 Et
782 2545 1022 2594 respondens
1043 2546 1076 2582 ei
1096 2545 1160 2584 lan

687 2612 781 2649 gues
798 2600 871 2636 dfre
892 2599 1088 2636 hominem

689 2665 769 2690 non
788 2653 912 2690 habeo
932 2661 972 2689 ut
993 2665 1081 2690 cum

687 2716 793 2744 mota
812 2707 919 2744 fuerit
939 2719 1081 2756 aquam

688 2761 810 2798 mittat
830 2773 892 2798 me
911 2761 950 2797 in
970 2768 1060 2797 nata

689 2815 824 2851 toriam
845 2814 934 2851 dum
956 2817 1070 2851 uenio

689 2868 792 2905 enim
812 2880 884 2917 ego
905 2868 998 2905 alius
1018 2875 1105 2905 ante

1241 318 1308 356 Me
1328 317 1525 355 descendit

1239 372 1252 392 Β
1265 371 1367 408 Dicit
1382 372 1415 408 ei
1431 371 1489 408 ihs
1505 383 1616 419 surge
1633 377 1669 408 et
1683 370 1734 408 tol

1239 425 1273 462 le
1293 431 1493 473 grauatum
1513 431 1621 461 tuum

1241 486 1277 515 et
1297 477 1451 514 ambula

1241 533 1253 552 ⁹
1268 532 1317 568 Et
1339 531 1464 567 statim
1480 542 1594 567 sanus
1615 529 1736 567 sactus

1242 592 1298 622 est
1318 585 1378 621 ille
1399 585 1518 621 homo
1537 590 1573 621 et
1594 595 1658 621 sur

1242 650 1337 688 gens
1358 638 1506 675 sublato
1527 644 1686 686 grauato

1243 704 1312 729 suo
1325 691 1546 728 ambulabat
1601 697 1682 728 erat

1243 751 1370 782 autem
1391 746 1592 783 sabbatum
1612 745 1651 781 in

1243 799 1305 835 illa
1325 798 1384 835 die

1242 852 1269 873 ¹⁰
1282 851 1472 889 Dicebant
1487 864 1577 900 ergo
1598 850 1698 888 iudei

1242 905 1291 941 illi
1314 905 1378 953 qui
1397 912 1548 942 curatus
1568 905 1686 942 fuerat

1244 959 1445 995 sabbatum
1464 965 1520 995 est
1540 971 1618 996 non
1638 958 1662 995 li

1244 1018 1304 1049 cet
1323 1012 1389 1049 tibi
1409 1012 1541 1049 tollere
1562 1024 1630 1062 gra

1243 1072 1375 1102 uatum
1395 1072 1503 1103 tuum

1243 1118 1535 1168 ¹¹Respondens
1544 1119 1597 1156 eis
1607 1119 1738 1156 dicens

1245 1173 1309 1221 qui
1330 1173 1416 1210 fecit
1436 1185 1497 1210 me
1518 1185 1653 1210 sanum

1244 1227 1305 1264 ille
1325 1227 1418 1262 mihi
1438 1227 1532 1264 dixit
1552 1226 1639 1264 tolle

1244 1281 1446 1329 grabatum
1469 1287 1575 1317 tuum
1596 1287 1632 1317 et

1245 1334 1401 1371 ambula

1244 1387 1271 1408 ¹²
1283 1387 1617 1435 Interrogauerunt
1637 1393 1714 1424 eu-

1245 1441 1329 1490 quis
1349 1447 1404 1477 est
1424 1441 1484 1478 ille
1505 1441 1623 1478 homo
1644 1440 1709 1489 qui

1245 1495 1338 1531 dixit
1357 1494 1422 1531 tibi
1442 1494 1530 1531 tolle
1549 1505 1670 1542 graua

1245 1555 1327 1584 tum
1349 1555 1456 1585 tuum
1475 1554 1512 1585 et
1533 1547 1688 1584 ambula

1246 1634 1272 1654 ¹³
1286 1634 1324 1671 Is
1345 1641 1473 1671 autem
1495 1635 1557 1684 qui
1579 1641 1732 1671 sanatus

1246 1687 1369 1725 fuerat
1388 1700 1467 1725 non
1488 1689 1632 1726 sciebat

1247 1743 1332 1790 quis
1345 1749 1443 1779 esset
1552 1742 1610 1779 ihs
1623 1748 1743 1779 aute-

1247 1795 1452 1833 declinauit
1471 1807 1494 1833 a
1513 1797 1623 1833 turba

1246 1850 1448 1887 constituta
1467 1849 1506 1886 in
1525 1850 1612 1887 loco

1248 1903 1313 1940 illo

1247 1956 1275 1978 ¹⁴
1289 1956 1424 1993 Postea
1443 1956 1587 1993 inuenit
1608 1956 1714 1993 illum

1248 2010 1305 2047 ihs
1326 2011 1366 2047 in
1383 2010 1526 2059 templo
1547 2018 1582 2047 et
1602 2010 1695 2048 dixit

1250 2065 1298 2101 illi
1319 2076 1409 2101 ecce
1430 2076 1547 2101 sanus
1567 2065 1688 2102 factus

1249 2125 1304 2155 est
1324 2118 1399 2154 iarn
1416 2118 1494 2155 noli
1515 2130 1635 2166 pecca

1249 2184 1288 2209 re
1309 2183 1358 2208 ne
1378 2172 1459 2221 quit
1479 2173 1546 2209 tibi
1566 2172 1730 2210 deterius

1247 2232 1446 2273 contingat

1248 2278 1382 2315 ¹⁵Abiit
1402 2278 1460 2315 ille
1481 2277 1599 2316 homo
1620 2286 1656 2316 et
1675 2279 1722 2317 ad

1248 2333 1434 2369 nuntiauit
1454 2332 1572 2369 iudeis

1249 2387 1337 2434 quia
1357 2386 1414 2423 ihs
1434 2392 1490 2422 est
1509 2386 1574 2434 qui
1594 2385 1682 2423 fecit

1249 2451 1310 2476 me
1332 2451 1469 2476 sanum
1579 2439 1605 2459 ¹¹⁵
1619 2451 1716 2489 prop

1249 2500 1352 2530 terea
1372 2493 1470 2530 iudei
1490 2504 1677 2542 perseque

1250 2547 1386 2583 bantur
1407 2546 1486 2583 ihm
1543 2547 1632 2595 quia

1250 2599 1343 2637 haec
1364 2599 1526 2637 faciebat
1545 2601 1585 2636 in
1604 2601 1672 2638 sab

1249 2654 1339 2691 bato

1250 2707 1276 2727 ¹⁷
1285 2707 1350 2744 Ihs
1364 2714 1492 2744 autem
1504 2707 1744 2756 respondens

1251 2761 1382 2798 dicens
1401 2768 1508 2809 pater
1528 2773 1635 2798 meus

1250 2826 1372 2864 usque
1393 2815 1509 2852 modo
1529 2821 1707 2864 operatur

1251 2874 1287 2905 et
1307 2880 1381 2917 ego
1400 2880 1539 2917 operor

1992 186 2058 241 [1v.
2078 201 2185 236 44-v.
2211 204 2225 225 2
2232 203 2262 235 5.

1766 316 1795 339 ¹⁸
1809 318 2015 366 Propterea
2034 330 2125 367 ergo
2145 329 2209 355 ma

1769 372 1827 420 gis
1848 373 2056 420 querebant
2075 372 2201 410 iudaei

1769 425 1978 462 interficere
2000 437 2087 462 eum

1770 479 1860 527 quia
1879 490 1959 515 non
1979 479 2103 516 solum
2124 478 2181 516 sol

1769 532 1884 568 uebat
1903 533 2103 569 sabbatum
2123 532 2191 569 sed

1770 591 1806 621 et
1826 592 1973 633 patrem
1994 597 2104 622 suum
2125 586 2210 623 dice

1770 638 1836 674 bat
1855 638 1923 674 dm
1942 639 2119 687 equalem
2139 651 2179 676 se

1769 690 1885 728 facies
1904 691 1957 728 do

1770 744 1797 764 ¹⁹
1807 743 2021 793 Respondit
2034 745 2091 782 ihs
2104 745 2198 782 dixit
2210 745 2264 783 eis

1770 810 1884 835 amen
1905 810 2016 835 amen
2037 798 2122 835 dico
2143 811 2194 835 uo

1771 852 1828 888 bis
1849 858 2073 901 nontpotest
2093 852 2191 889 filius

1771 917 1793 943 a
1814 917 1854 942 se
1876 905 1997 942 facere
2019 906 2214 955 quicqua-

1772 959 1843 996 nisi
1863 959 1968 1007 quod
1987 959 2123 997 uiderit
2142 971 2193 1009 pa

1772 1019 1870 1050 trem
1889 1012 2091 1050 facientem

1773 1078 2018 1116 quecumque
2039 1068 2140 1104 enim
2160 1066 2186 1103 il

1774 1121 1807 1157 le
1827 1120 1955 1157 fecerit
1974 1120 2110 1157 eadem
2131 1127 2169 1158 et

1773 1173 1871 1211 filius
1890 1173 1978 1211 facit
1999 1174 2167 1211 similiter

1773 1227 1803 1249 ²⁰
1814 1235 1921 1276 pater
1940 1228 2042 1265 enim
2064 1228 2182 1276 diligit
2201 1228 2227 1264 fi

1774 1280 1867 1318 lium
1887 1288 1923 1318 et
1943 1282 2073 1318 onmia
2093 1281 2140 1318 de

1774 1342 1933 1372 mostrat
1953 1335 1986 1372 ei
2007 1347 2104 1383 quae
2124 1335 2206 1384 ipse

1774 1388 1863 1425 facit
1881 1394 1918 1425 et
1937 1389 2085 1426 maiora
2103 1388 2234 1426 horu-

1775 1442 2050 1479 demonstrauit
2070 1443 2125 1479 eis

1777 1507 1895 1544 opera
1918 1502 1959 1533 ut
1977 1507 2049 1532 uos
2069 1496 2163 1532 mire

1776 1549 1871 1585 mini
2034 1548 2060 1570 ²¹
2074 1548 2269 1586 sicuteni-

1777 1634 1889 1672 Pater
1909 1634 2066 1672 suscitat
2085 1641 2213 1673 mortu

1778 1700 1823 1726 us
1843 1695 1879 1726 et
1898 1688 2066 1726 uiuificat
2086 1689 2137 1726 sic
2156 1695 2192 1726 et
2211 1688 2236 1726 fi

1777 1741 1848 1779 lius
1869 1754 1966 1791 quos
1986 1743 2050 1779 uui
2070 1743 2239 1780 uiuificat

1776 1795 1805 1816 ²²
1818 1795 1956 1846 Neque
1976 1797 2077 1833 enim
2099 1803 2205 1845 pater
2224 1797 2263 1833 iu

1778 1849 1879 1887 dicat
1899 1862 2133 1899 quemquam
2155 1850 2222 1887 sed

1777 1903 1961 1940 iudicium
1981 1915 2096 1942 omne
2117 1903 2165 1941 de

1779 1957 1833 1994 dit
1853 1957 1930 1994 filio
1950 1956 1976 1977 2³
1989 1965 2029 1994 ut
2050 1969 2187 1994 omnes
2206 1955 2258 1995 ho

1777 2011 1976 2048 norificent
1996 2011 2117 2048 filium
2138 2011 2168 2048 si

1779 2071 1843 2102 cut
1862 2064 2088 2102 honorificat
2108 2076 2159 2114 pa

1778 2125 1875 2155 trem

1780 2171 1859 2217 Qui
1878 2184 1958 2209 non
1977 2171 2204 2209 honorificat
2223 2183 2273 2222 pa

1779 2231 1874 2263 trem
1896 2237 1975 2262 non
1994 2225 2158 2262 honorifi

1779 2286 1839 2316 cat
1859 2279 1976 2316 filium
1997 2279 2062 2329 qui
2082 2279 2183 2317 misit
2203 2279 2228 2316 il

1778 2332 1858 2369 lum

1777 2386 1935 2423 ²⁴Amen
1956 2397 2070 2423 amen
2090 2385 2176 2424 dico
2197 2397 2248 2423 uo

1779 2440 1837 2476 bis
1858 2440 2043 2489 quoniam
2063 2440 2128 2488 qui
2148 2451 2216 2476 uer

1779 2494 1873 2530 bum
1894 2505 2024 2530 meum
2044 2494 2147 2531 audit
2167 2501 2204 2530 et

1780 2547 1897 2584 credit
1917 2548 1950 2584 ei
1972 2548 2037 2595 qui
2057 2559 2119 2584 me
2140 2547 2240 2585 misit

1779 2600 1895 2638 habet
1913 2601 2031 2637 uitam
2052 2608 2154 2637 aeter

1778 2666 1869 2691 nam
1889 2660 1926 2691 et
1946 2655 1984 2690 in
2003 2654 2142 2691 iudicio
2164 2659 2249 2692 no-

1779 2708 1907 2745 ueniet
1927 2708 1993 2744 sed
2014 2708 2166 2744 transiet

1779 2773 1802 2798 a
1822 2768 1943 2798 morte
1964 2761 2002 2797 in
2021 2761 2140 2797 uitam
2160 2773 2206 2798 ae

1779 2821 1926 2851 ternam

1779 2867 1938 2905 ‘²⁵Amen
1951 2879 2064 2905 amen
2071 2867 2157 2906 dico
2165 2868 2275 2906 uobis
