2504 3382
263 206 354 232 xxn.
380 192 519 247 11-51.]
576 194 983 235 EUANGELIUM
1009 194 1118 234 SEC

263 281 343 312 Fol.
361 283 441 312 143.

261 323 365 361 Dicit
383 324 451 361 tibi
471 325 655 374 magister

261 378 326 414 ubi
345 384 402 414 est
421 377 659 416 diuersoriu-

260 431 325 467 ubi
345 430 489 480 phasea
508 445 597 469 cum
617 432 674 470 dis

261 484 396 533 cipulis
416 485 512 522 meis
531 486 675 523 mandu

261 549 346 575 cem
403 537 474 576 ¹²et
492 539 551 577 ille
571 540 682 577 uobis

262 591 427 629 ostendit
448 592 486 629 in
506 594 655 642 superio

259 645 363 683 ribus
382 645 511 683 locum
533 652 681 684 stratu-

260 710 447 748 magnum
467 700 517 737 ibi
538 708 669 750 parate

261 752 441 790 ¹³Euntes
462 761 588 791 autern
609 755 698 792 inue

261 813 399 844 nerunt
420 807 516 845 sieut
536 808 628 845 dixit
647 809 672 846 il

260 860 304 898 lis
325 867 361 897 et
382 869 613 909 parauerunt
633 874 702 912 pas

260 913 333 950 cha

260 967 342 1004 14Et
363 980 450 1004 cum
472 968 570 1006 facta
586 976 684 1006 esset
703 970 754 1007 ho

260 1033 302 1058 ra
321 1021 508 1059 discubuit
528 1029 564 1059 et
585 1035 680 1072 apos

259 1074 326 1111 toli
346 1087 435 1112 cum
455 1075 519 1112 illo
540 1076 609 1113 ¹⁵et
629 1077 678 1114 ait
698 1077 723 1114 il

259 1128 304 1165 lis
324 1128 511 1165 desiderio
532 1129 660 1167 deside

257 1181 338 1218 raui
360 1181 433 1218 hoc
453 1182 594 1230 pascha
613 1189 709 1221 ma*

259 1234 399 1272 dueare
419 1236 618 1273 uobiscum

258 1295 346 1325 ante
373 1300 489 1337 quam
509 1288 583 1327 hoc
603 1290 725 1338 patiar

256 1341 391 1379 ¹⁶Dico
410 1343 512 1379 enim
532 1344 642 1381 uobis
662 1345 752 1393 quia

258 1408 306 1432 ex
326 1395 399 1433 hoc
420 1409 500 1433 non
520 1397 665 1434 mandu

257 1450 354 1487 cabo
373 1449 464 1486 illud
485 1450 609 1489 donec
630 1452 668 1488 in

258 1502 404 1551 pleatur
423 1504 461 1540 in
481 1516 601 1552 regno
621 1504 660 1541 di

258 1556 341 1593 17Εἰ
362 1557 525 1607 adcepto
548 1558 663 1596 calice
684 1571 752 1608 gra

257 1696 352 1735 Tias
372 1698 447 1747 egit
469 1707 504 1736 et
524 1699 617 1736 dixit
636 1699 684 1737 ad

257 1752 371 1801 cipite
391 1752 463 1790 hoc
483 1760 519 1790 et
539 1753 656 1791 diuidi

255 1811 293 1842 te
313 1806 408 1842 inter
428 1818 497 1843 uos

256 1858 389 1896 ¹⁸Dico
402 1860 503 1896 enim
520 1861 627 1898 uobis
644 1860 750 1911 quod

255 1924 335 1950 non
354 1914 483 1950 uibam
504 1914 550 1951 de
570 1927 669 1963 gene

254 1967 399 2004 ratione
419 1967 505 2004 uitis
525 1967 650 2006 donec

255 2032 418 2068 regnum
438 2020 478 2057 di
499 2022 626 2059 ueniat

256 2073 336 2110 ¹⁹Et
357 2075 522 2123 adcepto
546 2077 656 2124 panis
679 2090 748 2126 gra

253 2128 324 2164 tias
344 2128 421 2176 egit
441 2135 477 2165 et
496 2129 605 2178 fregit
625 2137 662 2167 et

254 2180 359 2219 dedit
378 2182 448 2218 illis
469 2182 598 2220 dicens
617 2182 691 2222 hoc

444 2245 459 2265 S

253 2284 310 2315 est
330 2290 449 2327 corpu
470 2291 597 2316 meum
618 2280 700 2319 ²¹ue

252 2343 338 2368 rum
465 2339 595 2370 tamen

252 2396 343 2423 ecce
363 2397 499 2424 manus
522 2387 656 2425 trade-

252 2444 310 2475 tes
329 2450 392 2476 me
411 2451 563 2477 mecum
583 2442 621 2478 in

251 2503 427 2529 mensam
501 2493 570 2531 ²²et
591 2497 655 2544 qui

251 2545 341 2582 dem
361 2546 458 2583 filius
477 2547 643 2587 hominis

251 2600 462 2637 secundum
483 2603 588 2650 quod

251 2654 500 2702 perscriptum
522 2662 576 2692 est
597 2668 645 2695 ua

251 2706 305 2744 dit
325 2719 456 2744 uerum
479 2715 608 2747 tamen

250 2771 322 2798 uae
343 2761 394 2798 illi
414 2761 561 2799 homini
580 2776 648 2812 per

250 2826 366 2863 quem
386 2815 553 2853 tradetur
573 2818 643 2855 ²³et

249 2868 321 2917 ipsi
340 2870 618 2918 conquirebant

249 2921 348 2959 inter
367 2933 407 2960 se
426 2924 511 2972 quis
531 2932 630 2964 esset

250 2974 324 3013 hoe
343 2976 512 3015 facturus

317 3063 464 3082 BUCHANAN

790 334 924 362 LXXIII
932 324 960 345 ²⁴
979 324 1099 362 Facta
1119 329 1172 362 est
1188 337 1255 361 au-

1114 376 1198 431 [lem
1218 385 1285 416 co-

791 432 910 469 tentio
930 432 1027 469 inter
1045 444 1113 470 eos

790 485 874 534 quis
894 498 1027 523 eorum
1047 485 1175 523 uidere

790 545 849 575 tur
867 551 949 576 esse
971 539 1093 576 maior

790 591 930 629 ²⁵Dixit
950 599 1076 630 autem
1097 593 1150 630 eis
1170 593 1228 630 ihs
1244 605 1282 630 re

790 658 857 694 ges
877 646 1049 695 gentium
1069 645 1175 683 domi

789 706 928 736 nantur
948 711 1079 736 eorum
1100 706 1137 736 et

789 753 854 802 qui
876 759 1101 801 potestatem
1121 752 1170 790 ha

788 807 850 843 bet
870 807 968 844 bene
988 813 1163 854 gerentes

789 872 921 897 eorum
942 860 1097 909 benigni
1117 872 1169 897 uo

788 920 923 950 cantur
976 912 1080 951 ²⁶uos
1099 919 1219 952 aute-

789 979 868 1003 non
889 967 942 1004 sic
965 967 1031 1005 sed
1052 968 1115 1016 qui
1136 980 1199 1004 ma

789 1020 845 1057 ior
864 1027 919 1057 est
939 1020 978 1057 in
998 1021 1108 1058 uobis
1128 1021 1192 1058 fiat

789 1074 885 1110 sicut
905 1074 1032 1111 minor
1051 1081 1087 1111 et
1108 1075 1172 1123 qui

789 1139 987 1175 precessor
1006 1134 1061 1164 est
1082 1128 1178 1165 sicut

788 1180 1021 1217 ministrator
1059 1180 1178 1230 27quis

787 1234 891 1270 enim
912 1234 1036 1270 maior
1073 1235 1137 1284 qui
1158 1247 1196 1271 re

788 1287 917 1324 cunbit
938 1294 1001 1323 aut
1022 1288 1087 1336 qui
1106 1289 1218 1325 minis

787 1346 859 1378 trat
897 1341 935 1376 in
955 1342 1133 1389 gentibus
1154 1342 1217 1390 qui

787 1395 875 1432 dem
896 1395 960 1443 qui
980 1396 1165 1432 recumbit

787 1447 825 1484 in
845 1448 954 1485 uobis
975 1455 1102 1485 autem
1122 1461 1201 1487 non

786 1501 839 1538 sic
861 1502 928 1539 sed
948 1502 1011 1551 qui
1030 1503 1218 1540 ministrat

786 1567 860 1603 ego
880 1562 1007 1592 autem
1028 1556 1066 1592 in
1087 1556 1215 1594 medio

785 1615 915 1646 uestro
937 1621 1021 1647 sum
1041 1610 1149 1660 quasi
1169 1611 1222 1647 mi

786 1693 917 1732 Nister
1195 1693 1280 1748 [per

783 1747 811 1767 ²³
823 1747 903 1785 Uos
923 1755 1051 1786 autem
1071 1750 1160 1787 estis
1179 1751 1244 1800 qui

784 1802 977 1839 mansistis
997 1815 1150 1840 mecum

785 1855 823 1892 in
844 1856 1158 1904 temptationibus

784 1909 880 1947 meis
901 1910 971 1946 ²⁹et
991 1922 1066 1958 ego
1086 1911 1241 1960 quidem

785 1963 947 2012 dispono
969 1964 1077 2001 uobis
1098 1965 1193 2002 sicut

785 2016 971 2065 disposuit
990 2018 1081 2054 mihi
1102 2026 1210 2066 pater

784 2081 893 2107 meus
912 2083 1074 2119 regnum
1093 2072 1169 2108 30ut
1189 2072 1261 2110 eda

783 2124 830 2161 tis
849 2130 885 2161 et
904 2125 1039 2162 uibatis
1056 2137 1170 2174 super
1184 2134 1275 2164 me-

784 2189 865 2215 sam
885 2190 1014 2216 meam
1033 2179 1072 2215 in
1091 2192 1212 2228 regno

783 2242 872 2268 meo

782 2284 832 2321 Et
852 2284 1015 2322 sedeatis
1036 2297 1150 2334 super
1170 2286 1247 2324 duo

784 2338 906 2375 decim
927 2346 1059 2376 tronos
1078 2340 1156 2377 iudi

781 2399 913 2429 cantes
934 2393 1138 2430 duodecim

781 2446 900 2483 tribus
923 2446 1075 2484 istrahel

780 2509 934 2536 LXXIIII
949 2500 1013 2538 ³¹24
1021 2502 1052 2537 it
1064 2505 1180 2538 aulem
1197 2502 1277 2539 dies

1156 2553 1276 2607 [petro

781 2605 907 2643 simon
927 2607 1053 2644 simon
1073 2620 1162 2646 ecce

781 2666 932 2697 satanas
952 2662 1133 2709 expetiuit
1152 2669 1193 2699 ut

779 2725 850 2751 uos
870 2714 1025 2751 uentilet
1045 2716 1142 2752 sicut
1162 2716 1207 2752 tri

778 2767 896 2804 ticum
935 2768 1099 2816 ⁸²rogaui
1120 2782 1190 2817 pro
1212 2776 1247 2807 te

779 2827 820 2857 ut
841 2832 918 2858 non
940 2821 1089 2859 deficiat
1110 2823 1201 2861 fides

779 2881 843 2911 tua
881 2881 918 2912 et
939 2882 979 2912 tu
999 2876 1205 2926 aliquando

779 2940 989 2966 conuersus
1027 2930 1148 2968 confir

779 2994 842 3019 ma
863 2982 993 3021 fratres
1014 2991 1099 3022 tuos
1136 2991 1171 3022 et
1192 2997 1235 3022 ro

1718 196 2018 237 LUCANUM

1352 283 1434 313 1¹01.
1451 284 1532 313 144.

1353 325 1452 363 Gate
1471 338 1519 363 ne
1540 325 1683 364 intretis
1702 327 1740 364 in

1351 380 1641 427 temptationem

1351 431 1491 469 33Dixit
1510 440 1638 471 autem
1658 434 1692 471 ei
1716 440 1844 483 petrus

1352 486 1425 523 dfie
1445 492 1572 523 tecum
1592 494 1745 536 paratus

1351 551 1435 576 sum
1457 545 1493 576 et
1513 540 1551 576 in
1573 553 1763 578 carcerem

1351 593 1388 629 in
1410 599 1572 630 mortem
1594 594 1671 632 irae

1349 645 1445 683 3‘²Ad
1465 646 1523 683 ihs
1543 647 1635 684 dixit
1655 647 1687 685 ei
1709 648 1794 685 dico

1760 699 1845 753 [tibi

1350 759 1454 801 petre
1474 765 1553 791 non
1573 754 1741 791 cantabit

1350 806 1463 845 hodie
1483 807 1606 856 gallus
1627 807 1750 846 donec

1350 867 1405 897 ter
1425 861 1591 910 abneges
1610 874 1673 898 me

1349 914 1433 951 3⁵'Et
1448 915 1540 951 dixit
1552 915 1606 952 eis
1620 915 1775 965 quando
1791 916 1844 952 mi

1350 968 1380 1004 si
1400 980 1470 1005 uos
1491 969 1572 1006 sine
1593 969 1757 1007 saccello

1349 1029 1385 1058 et
1405 1034 1496 1070 pera
1516 1029 1552 1060 et
1573 1023 1782 1060 calciame-

1349 1075 1395 1112 tis
1415 1076 1602 1125 numquid
1623 1076 1763 1126 aliquid

1350 1129 1396 1165 de
1417 1130 1526 1166 uobis
1548 1130 1614 1166 suit
1635 1130 1683 1167 ad
1703 1130 1753 1167 illi

1349 1182 1558 1219 ssssdixerunt
1579 1183 1671 1220 nihil

1350 1235 1455 1272 Dixit
1476 1248 1568 1284 ergo
1589 1237 1655 1274 sed
1676 1249 1778 1275 nunc

1350 1290 1414 1339 qui
1434 1289 1549 1327 habet
1570 1291 1766 1328 saccellu-

1349 1343 1456 1380 tollat
1477 1344 1644 1381 similiter
1664 1352 1700 1382 et
1720 1357 1767 1394 pe

1350 1409 1431 1434 ram
1468 1403 1504 1433 et
1525 1399 1589 1446 qui
1610 1398 1724 1435 habet
1744 1405 1784 1435 tu

1350 1451 1449 1488 nicat
1469 1451 1610 1488 uendat
1630 1464 1715 1489 eam
1736 1459 1773 1489 et

1349 1512 1451 1542 emat
1469 1504 1637 1553 gladium
1675 1506 1795 1543 ³⁷dico

1350 1559 1451 1595 enim
1473 1559 1584 1596 uobis
1623 1560 1795 1609 quonia*

1349 1612 1473 1649 adhuc
1495 1612 1568 1650 hoc
1590 1613 1692 1662 quod
1713 1615 1812 1651 scrib

1350 1697 1455 1734 Tum
1476 1705 1532 1736 est
1552 1707 1703 1748 oportet
1724 1701 1763 1738 in

1349 1751 1452 1801 plere
1473 1752 1511 1788 in
1531 1765 1594 1790 me

1400 1806 1505 1854 quod
1524 1813 1564 1843 ut
1584 1819 1672 1844 cum

1402 1859 1540 1909 iniquis
1562 1860 1704 1910 deputa

1402 1919 1461 1950 tus
1482 1920 1538 1950 est
1558 1920 1594 1951 et
1615 1915 1661 1951 de
1682 1927 1743 1952 me

1403 1979 1476 2016 que
1498 1974 1585 2004 sunt
1605 1968 1720 2005 finem

1401 2020 1544 2057 habent
1599 2022 1681 2059 ³⁸ad
1701 2022 1752 2060 illi

1401 2073 1576 2111 dixerunt
1596 2075 1670 2112 dfie

1401 2140 1491 2166 ecce
1512 2129 1588 2166 duo
1610 2129 1727 2177 gladii

1401 2181 1462 2218 hic
1483 2182 1532 2219 ad
1553 2183 1612 2220 ille
1633 2196 1693 2221 res

1401 2235 1535 2284 pondit
1555 2238 1608 2274 eis
1629 2238 1719 2275 satis

1399 2296 1456 2326 est

1345 2343 1485 2378 LXXU3⁹
1504 2343 1562 2380 Et
1577 2357 1741 2392 egressus
1761 2346 1844 2384 inde

1346 2396 1423 2433 ibat
1445 2398 1656 2435 secundum
1677 2407 1752 2436 co‘·

1345 2452 1586 2488 suetudinem
1607 2464 1715 2490 suam

1344 2504 1383 2540 in
1407 2512 1581 2542 montem
1601 2506 1729 2543 oliueti

1345 2558 1463 2595 secuti
1483 2566 1570 2595 sunt
1590 2567 1718 2597 autem

1345 2623 1433 2647 eum
1454 2619 1489 2648 et
1510 2612 1684 2662 discipuli
1705 2614 1784 2652 eius

1342 2664 1426 2701 ⁴⁰Et
1447 2677 1533 2702 cum
1555 2667 1789 2714 peruenisset

1344 2718 1392 2754 ad
1412 2718 1540 2756 locum
1561 2720 1651 2757 dixit
1673 2721 1743 2758 illis

1342 2778 1446 2809 orate
1466 2784 1513 2810 ne
1534 2773 1678 2811 intretis

1341 2825 1379 2861 in
1400 2827 1688 2875 temptationem

1341 2879 1424 2916 41Εῑ
1445 2880 1524 2929 ipse
1544 2882 1696 2919 auolsus
1716 2888 1772 2920 est
1788 2884 1837 2920 ab

1764 2934 1837 2989 [eis

1341 2993 1527 3036 quantum
1549 2987 1688 3026 iactum
1710 2989 1746 3027 la

2322 211 2370 250 73

1878 326 1981 364 Pidis
2034 334 2071 364 et
2091 328 2223 377 positis
2242 342 2289 378 ge

1878 381 1990 418 nibus
2011 383 2143 419 orabat
2163 382 2330 421 ⁴²dice-s

1878 441 1985 483 pater
2005 447 2084 472 non
2104 448 2189 473 mea
2209 444 2261 474 uo

1877 489 2001 526 luntas
2021 488 2087 526 sed
2108 496 2172 526 tua
2192 490 2257 527 fiat

1878 542 1908 579 si
1928 543 1985 579 uis
2005 542 2165 580 transfer
2185 543 2287 582 hunc

1876 595 2035 633 calicem
2056 609 2078 633 a
2097 609 2158 633 me

1877 648 2099 697 ⁴²³Apparuit
2119 657 2246 687 autem
2266 650 2315 688 illi

1877 702 2034 750 angelus
2054 703 2101 740 de
2121 704 2227 741 caelo

1878 756 2100 793 confortans
2119 769 2207 794 eum

1877 815 1915 846 et
1936 808 2056 846 factus
2077 810 2114 846 in
2135 811 2275 857 agonia

1876 862 2060 911 prolixius
2081 865 2215 901 orabat

1877 917 1949 953 44et
1968 916 2087 954 faetus
2108 924 2163 954 est
2184 917 2300 955 sudor

1878 971 1958 1008 eius
1979 977 2174 1019 tamquam
2194 978 2262 1020 gut

1877 1031 1937 1061 tae
1958 1025 2154 1074 sanguinis
2174 1025 2290 1063 decur

1877 1079 1993 1116 rentis
2014 1079 2052 1115 in
2072 1086 2209 1115 terram

1878 1132 1960 1168 45Ε1ῑ
1980 1144 2069 1169 cum
2090 1133 2311 1170 surrexisset

1877 1186 1926 1222 ab
1946 1186 2157 1224 orationem
2179 1193 2214 1223 et
2234 1199 2281 1224 ue

1877 1239 1994 1276 nisset
2014 1239 2062 1276 ad
2083 1240 2286 1288 discipulos

1878 1304 1967 1330 suos
1988 1293 2133 1330 inuenit
2155 1305 2220 1330 eos
2241 1294 2312 1331 dor

1877 1346 2040 1383 mientes
2060 1359 2126 1395 pre
2147 1347 2265 1384 tristia

1877 1400 1947 1437 ⁴⁶et
1969 1400 2020 1437 ait
2040 1400 2132 1450 quid
2152 1400 2325 1438 dormitis

1877 1454 2020 1500 surgite
2041 1461 2145 1492 orate
2165 1467 2213 1491 ne
2233 1455 2272 1491 in

1877 1508 1982 1545 tretis
2002 1508 2040 1544 in
2060 1509 2258 1557 temptatio

1877 1573 1966 1598 nem

1875 1702 2033 1738 LXXVI⁴⁷
2054 1702 2189 1740 Adhuc
2208 1706 2325 1740 aulem

1876 1756 2095 1805 loquentem
2116 1769 2208 1794 ecce
2290 1755 2371 1809 [illo

1875 1811 1985 1847 turba
2021 1817 2056 1847 et
2077 1811 2142 1860 qui
2162 1822 2261 1848 uoca

1874 1863 1986 1900 batur
2006 1864 2113 1900 iudas
2133 1876 2233 1901 unus

1876 1917 1924 1954 de
1944 1917 2147 1955 duodecim
2168 1925 2255 1955 ante

1876 1971 2036 2009 cedebat
2057 1983 2123 2008 eos
2144 1978 2180 2008 et
2200 1972 2249 2009 ad

1875 2025 2058 2074 propians
2078 2025 2272 2063 osculatus

1876 2085 1933 2115 est
1953 2079 2032 2115 ihm

1875 2132 2016 2169 ¹⁸Dixit
2035 2140 2162 2170 autem
2182 2132 2233 2169 illi
2253 2133 2310 2171 ihs
2331 2134 2370 2171 iu

1875 2186 1924 2223 da
1944 2187 2076 2224 osculo
2097 2186 2215 2223 filium
2235 2186 2286 2225 ho

1873 2240 1988 2277 minis
2007 2240 2122 2277 tradis

1874 2293 2028 2340 4⁹Quod
2049 2306 2135 2331 curn
2156 2295 2328 2333 uiderent

1874 2347 1912 2385 hi
1933 2349 1997 2397 qui
2018 2348 2118 2385 eirca
2138 2349 2265 2398 ipsum

1874 2408 1982 2439 erant
2002 2402 2106 2451 quod
2126 2402 2255 2439 fieba’*

1875 2455 2052 2492 dixerunt
2071 2456 2105 2492 ei
2126 2456 2199 2493 dfie
2220 2456 2250 2493 si

1873 2509 2128 2557 percutiemus
2148 2510 2187 2546 in
2206 2510 2336 2558 gladio

1872 2563 1953 2599 ⁶⁰Et
1973 2564 2156 2611 percussit
2177 2576 2276 2601 unus
2297 2577 2344 2602 ex

1869 2616 1940 2653 illis
1961 2628 2115 2653 seruum
2139 2617 2260 2666 princi

1869 2671 1928 2718 pis
1948 2669 2190 2707 sacerdotum
2211 2677 2248 2708 et

1871 2724 2083 2772 amputauit
2103 2725 2232 2762 auricu

1870 2776 1945 2814 lam
1968 2777 2047 2814 eius
2068 2778 2242 2816 dextram

1870 2830 1968 2868 ⁵¹Ait
1988 2838 2117 2869 autem
2138 2832 2194 2870 ihs
2216 2834 2297 2870 sine
2320 2845 2365 2871 us

1870 2897 1944 2934 que
1964 2885 2037 2923 hoc
2058 2893 2094 2923 et
2113 2887 2283 2924 extendit

1870 2950 2028 2977 manum
2050 2951 2158 2978 suam
2179 2940 2237 2978 ihs
