2504 3382
154 203 205 228 20

154 277 528 369 ffilngssilatusiussit
540 316 646 355 reddi

154 385 294 422 corpus

107 448 111 452 -
155 428 182 447 ⁵⁹
194 427 243 464 Et
262 439 350 464 cum
370 425 579 475 adcepisset

495 476 646 530 [ioseph

153 545 291 582 corpus
310 533 374 570 ihu
403 532 565 569 inuoluit

153 587 245 624 illud
266 587 304 623 in
324 586 485 623 sindone
506 597 600 622 mun

153 641 202 678 da
215 640 284 676 ⁶⁰et
297 640 517 688 posuiteum
532 639 569 675 in
582 650 647 676 mo

153 700 339 731 numento
361 705 430 730 suo
451 705 556 730 nouo

153 747 255 796 quod
276 747 466 785 exciderat
486 747 523 783 in
543 758 609 783 mo

153 808 338 839 numento
359 813 428 838 suo
448 811 552 838 nouo

154 855 259 904 quod
280 854 469 892 exciderat
490 854 528 889 in
549 865 597 902 pe

152 915 210 945 tra
275 915 311 945 et
331 908 502 945 aduoluit
522 913 644 944 saxu*

154 973 340 1010 magnum
361 962 408 999 ad
429 962 568 998 ostium

153 1016 390 1053 monumenti
410 1021 446 1051 et
465 1015 556 1050 abiit

152 1068 178 1088 ⁶1
187 1069 276 1105 Erat
295 1075 421 1105 autern
441 1068 491 1104 ibi
511 1067 629 1104 maria

153 1121 403 1171 magdelenae
423 1128 460 1158 et
481 1121 552 1158 alte

151 1187 194 1213 ra
213 1175 332 1212 maria
352 1175 527 1212 sedentes
547 1181 621 1212 co*

153 1235 209 1266 tra
231 1228 471 1278 sepulchrum

152 1282 315 1320 6²Altera
334 1289 460 1320 autem
482 1282 542 1319 die
561 1293 636 1331 que

153 1343 210 1374 est
230 1342 319 1385 post
339 1348 573 1385 parasceuen

155 1389 432 1428 Conuenerunt
450 1389 570 1439 princi

153 1456 222 1493 pes
242 1443 484 1481 sacerdotum
505 1450 539 1480 et
560 1442 635 1490 pha

153 1497 241 1534 risei
261 1497 309 1534 ad
330 1498 486 1546 pilatum
504 1496 650 1534 ‘³dicen

155 1557 210 1588 tes
231 1551 319 1588 dffie
338 1550 580 1588 rememorati

155 1616 286 1642 sumus
306 1605 406 1654 quod
426 1604 604 1642 seductor

155 1690 225 1728 Ille
245 1690 336 1727 dixit
356 1702 444 1728 cum
464 1689 588 1728 adhuc

154 1745 298 1782 uiueret
318 1751 403 1793 post
423 1745 576 1781 tertium

155 1798 257 1836 diem
275 1810 471 1847 resurgam
491 1798 612 1835 64iube

156 1864 248 1900 ergo
269 1852 512 1901 sepulcrhum
533 1864 600 1889 cus

156 1906 267 1943 todiri
286 1918 407 1954 usque
427 1907 465 1942 in
486 1905 586 1942 diem

156 1960 306 1997 tertium
326 1972 373 1997 ne
394 1959 488 1996 forte
508 1971 555 1997 ue

157 2013 262 2050 niant
283 2013 455 2061 discipuli
475 2013 554 2050 eius
575 2020 611 2051 et

156 2066 326 2104 furentur
345 2079 431 2103 eum
453 2074 489 2104 et
509 2067 547 2103 di

157 2126 247 2158 cant
267 2120 368 2169 plebi
388 2121 477 2169 quia
499 2132 601 2158 surre

157 2174 212 2212 xit
233 2186 255 2211 a
274 2175 432 2211 mortuis
452 2181 487 2211 et
508 2175 576 2211 erit

157 2228 389 2265 nouissimus
409 2239 512 2265 error
531 2228 588 2277 pri

158 2293 202 2318 or
222 2294 336 2330 prion

158 2335 260 2372 ⁶⁵Ait
279 2335 329 2372 illi
350 2334 486 2383 pilatus
505 2334 652 2373 habetis

159 2389 335 2426 custodes
353 2389 402 2425 ite
423 2395 532 2426 custo

160 2442 235 2479 dite
256 2443 350 2480 sicut
371 2443 472 2479 scitis

159 2496 251 2532 66ΙΠὶ
272 2503 398 2533 autem
419 2503 551 2533 euntes
571 2508 638 2534 mu

159 2550 310 2587 nierunt
330 2549 545 2598 sepulcrum

161 2603 352 2652 signantes
372 2603 539 2651 lapidem

161 2668 248 2693 cum
269 2657 492 2694 custodibus

161 2718 312 2745 LXXIII]
321 2709 379 2746 28¹
389 2710 653 2759 Cespcreczulff

161 2763 309 2799 sabbati
329 2775 403 2812 que
424 2764 568 2801 luciscit

162 2816 202 2853 in
221 2816 343 2865 prima
362 2817 595 2855 sabbatoru-

162 2870 268 2907 uenit
287 2870 407 2907 maria
426 2882 514 2920 mag

163 2922 318 2961 dalenae
339 2930 375 2961 et
394 2923 507 2961 altera

394 188 438 225 E
442 187 510 225 UA
517 186 712 225 NGELI
711 185 805 224 UM
833 187 908 226 SE
909 188 943 226 C

681 316 804 354 Maria
823 317 953 354 uidere
973 315 1081 365 sepul

679 371 817 408 chrum

681 423 751 461 2Et
771 436 860 461 ecce
880 430 977 462 terre
997 430 1123 461 motus

680 477 798 515 factus
818 485 873 515 est
891 489 1056 526 magnus

681 531 838 581 angelus
857 538 984 569 autem
1005 530 1082 568 dffli

681 585 876 623 descendit
897 585 944 622 de
964 585 1071 622 caelo

681 644 718 676 et
738 639 929 676 adcedens
949 638 1079 676 reuolu

679 693 705 729 it
725 693 889 741 lapidem
909 700 945 730 et
966 693 1123 730 sedebat

680 758 792 795 super
811 758 899 784 eum

680 799 791 837 ³Erat
812 806 938 837 autem
958 805 1133 848 aspectus

681 854 761 890 eius
781 854 877 891 sicut
896 853 1017 901 fulgor
1037 861 1073 890 et

679 907 908 944 uestimenta
927 908 1005 944 eius
1024 914 1097 944 ca-

680 960 769 998 dida
789 961 883 998 sicut
902 961 967 997 nix
987 961 1030 997 4a
1050 960 1142 997 timo

679 1026 718 1051 re
741 1020 868 1051 autem
889 1015 969 1051 eius
992 1026 1068 1051 con

679 1068 771 1105 moti
792 1074 879 1105 sunt
899 1068 964 1116 qui
984 1074 1093 1104 custo

680 1121 834 1158 diebant
854 1120 941 1158 facti
961 1128 1048 1158 sunt

679 1175 777 1212 sicut
795 1175 936 1212 mortui

679 1228 954 1277 ⁵Respondens
974 1235 1104 1266 autem

680 1282 837 1331 angelus
858 1282 951 1319 dixit
972 1282 1062 1318 muli

681 1337 808 1373 eribus
828 1335 943 1373 nolite
964 1337 1054 1373 time

680 1402 720 1427 re
740 1401 811 1427 uos
831 1390 909 1426 scio
932 1390 1034 1426 enirn

681 1443 785 1493 quod
804 1443 883 1480 ihm
903 1444 968 1492 qui
989 1442 1088 1480 cruci

682 1497 780 1534 fixus
800 1504 855 1534 est
874 1497 1029 1545 queritis

682 1551 781 1589 ⁶non
801 1558 857 1589 est
876 1551 936 1588 hic
956 1562 1101 1588 resurre

683 1691 750 1728 Xit
769 1702 791 1727 a
811 1690 970 1727 mortuis
991 1690 1087 1727 sicut

682 1744 777 1781 dixit
832 1744 957 1780 uenite
977 1751 1013 1781 et
1035 1743 1123 1780 uide

682 1804 718 1836 te
737 1798 865 1835 locum
887 1798 950 1834 ubi
969 1798 1115 1846 positus

683 1859 763 1890 erat
784 1852 868 1888 dms
889 1852 945 1888 ⁷et
965 1852 1039 1888 cito
1061 1863 1136 1888 eun

682 1907 727 1944 tis
747 1906 858 1943 dicite
879 1905 1073 1954 discipulis
1097 1905 1177 1942 eius

683 1960 771 2010 quia
792 1959 953 1997 surrexit
973 1971 995 1995 a
1014 1970 1100 1996 mor

682 2015 754 2051 tuis
774 2020 809 2050 et
830 2012 1005 2062 precedet
1025 2024 1095 2050 uos

682 2068 722 2104 in
743 2067 916 2114 galileam
936 2067 986 2103 ibi
1006 2078 1094 2103 eum

683 2121 861 2158 uidebitis
880 2133 968 2158 ecce
990 2120 1067 2157 dixi

685 2175 796 2211 uobis

685 2228 755 2265 8Et
774 2228 945 2265 exierunt
966 2227 1040 2264 cito
1060 2227 1107 2265 de

685 2288 938 2319 monumento
959 2294 1047 2318 cum

685 2335 827 2385 gaudio
847 2346 989 2382 magno
1010 2347 1077 2372 cur

686 2395 811 2426 rentes
832 2389 1004 2426 nuntiare
1025 2388 1082 2426 dis

685 2443 818 2491 cipulis
838 2443 918 2479 eius

686 2496 756 2533 ⁹Et
776 2508 863 2533 ecce
883 2496 942 2533 ihs
962 2507 1167 2533 occurrens

685 2550 755 2587 illis
775 2550 905 2587 dicens
926 2549 1063 2586 habete

686 2603 779 2641 Illae
799 2611 925 2641 autem
947 2603 1105 2641 adcesse

686 2665 772 2695 runt
792 2665 829 2695 et
849 2664 1050 2694 tenuerunt

688 2711 806 2761 pedes
825 2712 905 2748 eius
925 2718 960 2748 et
980 2711 1098 2749 adora

687 2771 823 2802 uerunt
843 2777 930 2802 eum

687 2819 716 2840 ¹⁰
725 2818 836 2855 Tunc
851 2819 900 2855 ait
913 2818 984 2855 illis
998 2818 1054 2856 ihs
1067 2818 1184 2857 nolite

689 2872 818 2909 timere
839 2872 886 2908 ite
908 2873 1076 2910 nuntiate

689 2925 863 2962 fratribus
883 2925 978 2962 meis
997 2932 1037 2963 ut

1456 183 1543 221 MA
1554 183 1593 221 T
1591 183 1632 220 T
1624 182 1667 220 E
1670 182 1764 221 UM
1831 180 1965 234 [xxvn.
1985 190 2184 227 58—xxv111.
2207 197 2258 219 20.

1242 273 1326 302 Fol.
1340 272 1401 301 40.

1242 314 1342 352 Eant
1361 314 1400 350 in
1420 312 1596 361 galileam
1616 318 1653 349 et

1241 368 1292 405 ibi
1311 380 1373 404 me
1392 366 1576 404 uidebunt

1241 421 1371 470 11Ipsis
1391 428 1518 458 autem
1541 418 1718 456 euntibus

1241 487 1329 512 ecce
1350 473 1506 523 quidam
1527 473 1574 510 de
1595 484 1663 509 cus

1240 529 1393 565 todibus
1413 539 1501 565 cum
1521 527 1629 564 uenis

1241 589 1298 619 set
1316 583 1354 618 in
1375 581 1523 618 ciuitate
1544 579 1677 616 nuntia

1240 642 1376 673 uerunt
1395 634 1632 684 principibus

1241 689 1481 727 sacerdotum
1500 688 1630 725 omnia

1241 755 1314 792 que
1335 743 1434 780 facta
1453 749 1541 779 sunt

1240 796 1325 833 12Εῑ
1345 795 1564 844 congregati
1584 806 1673 832 cum
1693 805 1734 831 se

1241 850 1412 888 nioribus
1433 849 1633 887 consilium

1241 910 1468 953 acceperunt
1552 909 1589 940 et
1608 913 1706 950 pecu

1242 958 1323 995 nias
1339 957 1514 1005 copiosas
1535 956 1631 993 dede

1241 1019 1329 1048 runt
1348 1011 1531 1047 militibus
1550 1009 1694 1046 ¹⁸dice-

1243 1072 1297 1102 tes
1318 1065 1430 1102 dicite
1451 1064 1538 1113 quia
1558 1063 1649 1100 disci

1242 1118 1318 1167 puli
1338 1119 1417 1155 eius
1440 1130 1512 1155 nos
1537 1123 1736 1155 tenuerunt

1243 1180 1279 1210 et
1298 1172 1407 1209 furati
1426 1180 1514 1209 sunt
1533 1183 1622 1209 eum

1244 1227 1354 1263 nobis
1375 1225 1650 1262 dormientibus

1243 1279 1270 1299 ¹4
1279 1286 1314 1317 et
1335 1279 1364 1316 si
1383 1279 1458 1316 hoc
1478 1279 1649 1316 auditum
1670 1278 1709 1315 fu

1244 1334 1313 1370 erit
1333 1345 1356 1370 a
1375 1333 1524 1382 preside
1542 1344 1612 1369 nos
1633 1344 1702 1380 per

1246 1386 1488 1424 suadebimus
1509 1386 1542 1422 ei
1564 1393 1600 1422 et
1621 1398 1661 1422 se

1245 1452 1356 1478 curos
1376 1451 1448 1477 uos
1467 1439 1649 1476 faciemus

1246 1494 1401 1531 15Ας1ἰ11ἰ
1414 1500 1569 1541 accepta
1577 1493 1741 1541 pecunia

1246 1547 1417 1586 fecerunt
1437 1547 1532 1584 sicut
1551 1553 1659 1583 erant

1247 1688 1362 1726 Docti
1399 1694 1436 1725 et
1457 1687 1682 1737 diuulgatu‘

1246 1750 1301 1780 est
1321 1743 1483 1780 uerbum
1504 1741 1605 1779 istud

1245 1803 1336 1845 aput
1355 1796 1488 1834 iudeos
1507 1807 1629 1846 usque

1245 1851 1284 1886 in
1303 1850 1534 1887 hodiernum

1245 1903 1470 1941 16Undecim
1491 1911 1620 1941 autem
1640 1902 1697 1940 dis

1245 1958 1358 2007 cipuli
1379 1958 1552 1995 abierunt
1573 1958 1611 1994 in

1245 2012 1418 2060 galileam
1441 2012 1478 2047 in
1499 2018 1631 2049 monte

1245 2066 1308 2102 ubi
1329 2066 1575 2103 constituerat
1593 2065 1619 2101 il

1245 2120 1287 2156 lis
1309 2119 1366 2156 ihs
1386 2119 1472 2156 dms

1246 2172 1331 2210 1⁷Et
1351 2185 1439 2210 curn
1456 2173 1638 2210 uidissent
1653 2184 1742 2210 eum

1247 2227 1501 2265 adorauerunt
1520 2227 1584 2276 qui

1247 2281 1335 2318 dam
1355 2287 1484 2318 autern
1504 2280 1637 2318 dubita

1248 2342 1384 2372 uerunt

1246 2388 1273 2409 ¹⁸
1282 2387 1330 2424 Et
1349 2388 1540 2425 adcedens
1559 2388 1618 2425 ihs
1637 2387 1725 2425 locu

1247 2449 1307 2479 tus
1327 2448 1382 2479 est
1401 2442 1455 2479 eis
1475 2443 1605 2479 dicens
1680 2443 1729 2480 da

1248 2502 1286 2533 ta
1305 2503 1361 2532 est
1380 2496 1470 2532 mihi
1490 2497 1618 2533 omnis
1637 2508 1689 2546 po

1248 2555 1364 2587 testas
1384 2550 1422 2586 in
1443 2550 1525 2587 celo
1546 2557 1582 2587 et
1601 2551 1639 2587 in
1660 2557 1717 2587 ter

1247 2615 1288 2640 ra
1307 2602 1473 2640 1⁹euntes
1492 2616 1584 2653 ergo
1604 2604 1656 2642 do

1249 2663 1331 2694 cete
1352 2658 1478 2694 omnis
1498 2665 1633 2707 gentes

1249 2711 1483 2759 baptizantes
1503 2723 1570 2749 eos
1588 2712 1628 2748 in

1250 2765 1406 2802 nomine
1426 2766 1542 2813 patris
1561 2772 1598 2802 et
1617 2765 1642 2802 fi

1250 2818 1275 2855 li
1295 2825 1331 2855 et
1350 2818 1404 2855 sci
1425 2822 1490 2866 sps
1510 2819 1727 2858 ²⁰docentes

1251 2884 1318 2910 eos
1339 2884 1490 2909 seruare
1511 2884 1642 2910 omnia

1216 2900 1219 2955 1
1250 2937 1492 2975 quecumque
1513 2938 1604 2962 man

1768 310 1869 349 Daui
1888 311 1999 349 uobis
2018 318 2054 349 et
2073 323 2164 348 ecce

1768 377 1842 413 ego
1862 365 2064 403 uobiscum
2086 376 2172 402 sum

1769 419 1949 456 omnibus
1967 418 2100 456 diebus
2120 430 2204 467 usq·

1769 472 1818 509 ad
1838 472 2202 509 consummatione-

1769 526 1885 563 seculi
1995 537 2108 562 amen

1881 630 2144 669 EUANGEL

1866 790 1941 830 SE
1942 790 1976 829 C
1982 790 2103 828 UND
2110 790 2172 828 U-

1883 951 2154 990 MATHEU‘

1890 1114 2014 1152 EXP
2030 1136 2037 1143 ·
2052 1113 2163 1151 INC

1855 2007 2187 2047 EUANGELIu-

1871 2222 2176 2262 SECUNDU-

1873 2436 2177 2478 IOHANNEM

2152 2990 2224 3017 U111
