2504 3382
175 189 226 224 86

174 274 254 304 11'01.
271 274 350 303 169.

174 316 246 354 Gis
265 316 463 365 magisque
482 316 636 365 predica

173 370 266 407 bant
392 369 464 406 37et
484 382 530 406 eo
551 382 614 406 am

174 423 273 473 plius
294 423 577 460 admirabantur

174 477 342 514 dicentes
363 477 460 513 bene
480 476 610 514 omnia

174 530 261 568 fecit
405 536 441 566 et
461 530 583 567 surdis

173 589 315 633 prestat
335 583 504 620 auditum
524 590 562 620 et

174 637 289 674 mutis
308 636 414 685 loqui
527 634 667 689 [diebus

175 700 303 727 xxml
319 699 336 727 8
355 689 424 726 ¹In
449 690 525 727 z‘llz's
549 696 667 728 aulem

173 745 309 782 iterum
329 755 420 781 cum
439 743 559 781 multa

173 799 284 835 turba
304 804 403 835 esset
423 810 494 835 nec
515 797 614 836 habe

172 858 230 889 ret
249 851 353 901 quod
372 851 564 889 manduca

173 912 228 942 ret
276 905 498 942 conuocatis
519 905 575 942 dis

173 958 308 1007 cipulis
329 959 379 995 ait
399 958 467 995 illis
487 957 643 996 ²misere

173 1024 217 1049 or
236 1024 349 1060 super
369 1013 479 1048 istam
501 1018 560 1048 tur

173 1067 262 1102 bam
283 1065 465 1113 quoniam
487 1066 613 1103 triduo

173 1125 229 1156 est
248 1119 324 1155 iam
343 1118 448 1167 quod
468 1118 528 1155 hic
549 1126 636 1156 sunt

173 1179 211 1210 et
230 1183 309 1209 non
328 1171 470 1209 habent
488 1173 595 1222 quod

173 1226 406 1263 manducent
427 1226 483 1263 8et
506 1227 613 1263 dimit

173 1287 337 1317 terereos
356 1280 502 1317 ieiunos
521 1280 559 1316 in
580 1280 630 1318 do

174 1344 281 1370 mum
302 1333 393 1371 nolo
476 1346 524 1371 ne
545 1334 582 1371 fa

173 1387 340 1435 tigentur
360 1387 398 1423 in
418 1387 522 1425 uiam
543 1399 621 1437 quo

174 1441 279 1477 niam
299 1440 453 1489 quidem
474 1453 520 1478 ex
541 1442 595 1478 eis

173 1493 221 1531 de
241 1494 451 1544 longinquo
471 1507 568 1532 uene

173 1553 261 1584 runt

172 1633 243 1671 *Εἴ
263 1634 541 1683 responderunt
560 1635 617 1673 dis

173 1688 288 1736 cipuli
309 1689 364 1724 sui
384 1688 487 1727 unde
507 1689 597 1727 istos

172 1742 292 1791 possit
312 1742 396 1791 quis
417 1750 582 1780 saturare

173 1795 336 1843 panibus
355 1796 394 1832 in
415 1796 564 1834 deserto

172 1849 240 1886 ⁵Et
260 1849 507 1898 interrogauit
526 1862 592 1888 eos

173 1902 278 1952 quod
297 1915 416 1952 panes
437 1903 582 1942 habetis

173 1956 322 2047 ἓῖἓεὲἶῗ
326 1964 434 2047 {223
440 1964 572 2049 11⁸2ssssssss

172 2064 398 2101 discunbere
419 2076 532 2114 super

172 2124 310 2154 terram

171 2169 223 2208 Et
241 2170 437 2220 adcipiens
456 2179 603 2221 septem

172 2236 294 2273 panes
331 2225 500 2273 gratians

172 2289 292 2326 agens
311 2277 423 2327 fregit
444 2285 480 2315 et
501 2278 547 2316 de

171 2331 226 2368 dit
246 2331 438 2381 discipulis
458 2332 534 2370 suis
553 2339 595 2370 ut

173 2384 412 2434 adponerent
432 2393 468 2423 et
488 2386 537 2423 ad

172 2446 439 2530 ³³1‘31fflssmm1lu
442 2440 572 2530 {hiem

239 2505 260 2530 a
289 2505 380 2530 ueru
468 2506 492 2530 u
511 2506 529 2531 e

173 2557 318 2594 paucus
337 2547 542 2595 pisciculus

173 2606 210 2636 et
229 2600 329 2648 ipsos
350 2601 545 2639 benedixit

174 2659 211 2689 et
229 2653 333 2690 iussit
351 2655 442 2702 poni

171 2705 242 2742 ⁸Et
262 2707 574 2745 manducaueru-

175 2765 213 2795 et
231 2760 383 2796 saturati
404 2769 489 2797 sunt

175 2811 225 2849 Et
245 2812 473 2851 sustulerunt
493 2816 597 2864 quod

174 2866 367 2915 superauit
386 2866 560 2916 fragme-

407 186 820 225 EUANGELJUM
843 187 953 225 SEC

703 314 854 353 Torum
875 321 1021 364 septem
1043 327 1133 364 spor

703 375 761 405 tas

701 422 841 459 ⁹Erant
861 428 988 459 autem
1009 423 1075 471 qui
1094 427 1186 459 ma*

702 475 935 513 ducauerant
956 476 1003 513 ad
1024 484 1115 526 quat

701 536 788 566 tuor
807 529 911 566 milia
930 529 1117 567 hominu-

702 590 737 619 et
758 582 900 620 dimisit
919 583 1004 620 illos

703 645 786 672 XXU
799 636 902 673 ¹⁰Ihs
921 642 1037 673 aulem
1057 649 1162 674 ascen

702 690 797 728 dens
817 702 957 727 nauem
977 703 1066 727 cum

703 743 897 792 discipulis
918 744 993 780 suis
1014 756 1061 780 ue

701 798 756 834 nit
776 797 814 833 in
834 804 940 846 parte
961 809 1074 846 mage

702 851 791 887 dam

701 904 784 940 nEt
805 904 976 940 exierunt
996 903 1160 952 pharisei

702 964 738 994 et
758 963 939 1006 ceperunt
960 957 1102 1006 conqui

700 1023 781 1047 rere
802 1022 889 1047 cum
909 1023 956 1048 eo
977 1017 1120 1060 quere*

700 1070 757 1101 tes
777 1065 826 1101 ab
847 1076 894 1101 eo
914 1064 1068 1112 signum
1089 1064 1136 1102 de

699 1117 809 1155 caelo
829 1124 1060 1167 temptantes

700 1171 807 1208 illum

700 1225 784 1262 12Et
803 1225 1070 1274 ingemescens
1093 1229 1164 1274 spu

702 1291 772 1316 suo
792 1278 884 1327 quid
905 1279 1099 1327 generatio

699 1333 771 1370 ista
790 1332 912 1381 querit
931 1333 1085 1381 signum

700 1387 826 1423 Amen
846 1386 933 1423 dico
953 1387 1063 1424 uobis
1083 1387 1113 1423 si
1134 1386 1182 1424 da

700 1440 799 1477 bitur
818 1440 1055 1488 generationi

701 1493 789 1531 huic
811 1494 965 1541 signum

699 1547 784 1584 ¹³Et
803 1547 1021 1596 relinquens
1040 1559 1106 1585 eos
1125 1560 1167 1585 as

701 1633 922 1671 Cenderunt
943 1645 1070 1671 rursus

699 1695 737 1725 et
759 1688 848 1725 abiit
872 1699 1003 1724 susum

699 1740 896 1778 ¹⁴Etobliti
910 1753 1058 1779 sumere
1072 1753 1193 1790 panes
1226 1748 1228 1758 ’

699 1795 770 1832 nisi
791 1806 911 1831 unum
932 1807 1072 1843 panem

700 1860 816 1897 quem
836 1860 966 1885 secum
987 1847 1086 1886 habe

699 1902 792 1939 bant
810 1902 850 1938 in
870 1914 1010 1938 nauem

700 1955 726 1976 ¹⁵
735 1956 783 1992 Et
796 1957 963 2005 precepit
977 1956 1047 1993 illis
1061 1955 1194 1994 dicens

699 2009 825 2047 uidete
846 2021 868 2046 a
887 2008 1075 2047 fermento

700 2075 723 2100 a
742 2063 928 2100 fermento
950 2063 1127 2112 phariseo

700 2129 784 2154 rum
804 2125 841 2154 et
861 2129 883 2154 a
899 2116 1088 2155 fermento

700 2170 854 2208 herodis

700 2224 782 2262 ¹⁶Et
802 2224 1019 2273 cogitabant
1039 2224 1087 2262 ad
1107 2224 1142 2262 al

699 2284 881 2315 terutrum
903 2278 1006 2328 quod
1025 2290 1076 2328 pa

701 2343 768 2368 nes
787 2331 972 2369 haberent

699 2384 824 2431 1⁷Quo
845 2386 998 2435 cognito
1017 2385 1075 2423 ihs
1096 2385 1146 2423 ait
1170 2385 1195 2422 il

699 2438 746 2476 lis
766 2439 858 2488 quid
878 2439 1050 2488 cogitatis
1070 2440 1109 2476 in

699 2493 875 2530 cordibus
894 2493 1027 2530 uestris
1047 2493 1138 2543 quia

698 2558 820 2595 panes
840 2559 919 2584 non
939 2546 1084 2585 habetis

700 2599 887 2638 Nondum
907 2600 1073 2649 intellegi

698 2654 746 2692 tis
874 2666 944 2692 nec
965 2667 1032 2703 per

699 2707 840 2757 spicitis
861 2708 914 2745 sic
936 2709 1073 2746 obtusa

699 2761 816 2799 corda
835 2770 961 2799 uestra

699 2815 726 2835 ¹⁸
734 2815 867 2853 oculus
906 2815 1080 2854 habentis

700 2880 780 2906 non
873 2869 1009 2907 uidetis

1062 2988 1137 3013 xxc

1640 186 1909 225 MARCUM
1963 184 2043 238 [vn.
2065 192 2212 232 36—V111.
2237 203 2292 235 35.

1230 271 1234 285 ⁴
1265 273 1348 303 Fol.
1364 274 1442 304 170.

1266 314 1316 352 Et
1336 325 1447 351 aures
1466 313 1653 351 habentes

1266 379 1347 405 non
1359 367 1496 404 auditis
1534 368 1658 404 necin
1672 379 1732 404 me

1265 428 1301 459 te
1322 421 1468 458 habetis
1488 420 1570 457 1‘³de
1590 420 1761 469 quinque

1265 474 1429 523 panibus
1450 486 1548 522 quos
1567 473 1661 522 fregi
1682 475 1721 511 in

1265 529 1434 577 quinque
1455 528 1556 564 milia
1576 527 1682 564 homi

1265 594 1357 618 num
1396 581 1502 630 quod
1523 580 1715 629 cophinos

1264 635 1566 683 fragmentorum
1587 641 1627 671 tu

1263 688 1356 725 listis
1393 689 1458 737 qui
1479 688 1653 725 dixerunt

1266 755 1332 779 xn-
1371 741 1564 791 ²⁰quando
1585 748 1711 778 autern

1265 802 1413 843 septem
1453 796 1492 832 in
1513 802 1693 844 quattuor

1265 849 1368 885 milia
1388 849 1589 885 hominum
1611 848 1715 897 quod

1266 910 1415 950 sportas
1437 902 1652 951 fragmento

1266 967 1350 992 rum
1370 956 1504 993 tulistis

1229 1049 1232 1071 l
1264 1009 1326 1046 Ad
1342 1009 1392 1046 illi
1413 1010 1589 1047 dixerunt
1610 1015 1760 1058 septem

1264 1061 1289 1082 ²¹
1299 1070 1335 1100 et
1356 1064 1406 1100 ait
1426 1063 1497 1100 illis
1517 1063 1715 1113 quomodo

1264 1117 1440 1154 nondum
1460 1116 1629 1154 inintelle

1265 1171 1372 1207 xistis

1264 1223 1348 1261 2“'Et
1367 1231 1555 1261 uenerunt
1578 1224 1759 1262 bethania

1265 1284 1302 1314 et
1321 1277 1498 1315 adferunt
1516 1278 1566 1314 illi
1587 1291 1655 1316 cae

1265 1344 1352 1368 cum
1373 1339 1409 1368 et
1429 1339 1661 1380 rogauerunt

1230 1398 1231 1417 ι
1264 1385 1369 1422 illum
1390 1392 1430 1422 ut
1450 1397 1538 1422 eum
1560 1393 1674 1434 tange

1265 1446 1320 1476 ret
1519 1439 1590 1476 ²³et
1611 1439 1659 1476 ad

1265 1492 1505 1541 prehendens
1525 1505 1684 1529 manum

1265 1546 1368 1583 caeci
1389 1547 1519 1583 eduxit
1540 1546 1645 1582 illum

1263 1631 1382 1668 Extra
1402 1631 1597 1669 castellum

1263 1692 1300 1722 et
1320 1697 1492 1734 expuens
1513 1686 1552 1723 in
1572 1686 1704 1725 oculos

1263 1739 1342 1776 eius
1363 1739 1538 1788 inpositis
1558 1740 1608 1777 illi
1628 1753 1694 1778 ma

1262 1793 1373 1830 nibus
1392 1793 1652 1842 interrogabat

1262 1846 1369 1883 illum
1390 1847 1420 1883 si
1441 1847 1583 1897 aliquid
1603 1848 1691 1885 uide

1263 1907 1318 1938 ret
1481 1901 1552 1939 2*et
1571 1902 1652 1951 aspi

1265 1955 1370 1992 ciens
1391 1954 1485 1992 dixit
1504 1955 1618 1993 uideo
1639 1956 1689 1994 ho

1264 2008 1386 2046 mines
1407 2009 1504 2046 sicut
1523 2010 1680 2047 arbores

1266 2063 1506 2100 ambulantes

1264 2115 1346 2153 ²⁵Et
1361 2117 1496 2154 iterum
1512 2117 1679 2166 inposuit
1694 2129 1758 2154 ma

1265 2181 1358 2207 num
1379 2178 1416 2208 et
1435 2182 1547 2220 super
1567 2171 1698 2208 oculus

1265 2224 1345 2260 eius
1365 2231 1401 2261 et
1421 2224 1550 2273 coepit
1568 2224 1697 2262 uidere

1264 2283 1300 2314 et
1320 2278 1471 2315 restitus
1491 2286 1547 2315 est
1567 2279 1619 2316 ita
1637 2284 1678 2316 ut

1263 2330 1407 2369 uideret
1426 2332 1525 2369 clare
1545 2344 1610 2369 om

1264 2385 1327 2421 nia

1262 2438 1345 2475 ²⁶Et
1362 2438 1503 2476 dimisit
1522 2439 1627 2476 illum
1649 2439 1687 2476 in
1707 2439 1758 2478 do

1262 2504 1369 2528 mum
1390 2504 1498 2529 suam
1519 2492 1650 2530 dicens

1262 2545 1360 2583 uade
1381 2546 1418 2583 in
1439 2546 1597 2583 domum
1618 2553 1709 2584 tua-

1226 2637 1228 2644 ,
1262 2606 1299 2636 et
1319 2599 1350 2637 si
1370 2599 1409 2636 in
1429 2601 1515 2637 uicu
1535 2601 1724 2638 introieris

1265 2653 1406 2691 nemini
1426 2653 1562 2691 dixeris
1582 2654 1621 2691 in

1263 2707 1350 2745 uico
1683 2706 1757 2760 [ihs

1264 2771 1361 2797 XXLT
1387 2760 1478 2798 27,Εἰ
1492 2762 1681 2811 prqfhclus
1708 2768 1760 2799 est

1263 2823 1298 2852 et
1319 2816 1492 2864 discipuli
1512 2816 1593 2853 eius
1613 2816 1652 2852 in
1672 2828 1738 2853 cae

1263 2881 1369 2907 sarea
1388 2869 1546 2919 philippi
1565 2877 1601 2907 et
1621 2870 1659 2906 in
1675 2871 1739 2907 uia

1796 314 2066 364 Interrogabat
2085 315 2181 353 disci

1795 368 1907 417 pulos
1923 380 2012 406 suos
2029 369 2159 407 dicens
2173 382 2289 419 quern

1796 433 1858 459 me
1879 422 2011 460 dicunt
2032 422 2208 461 homines

1796 486 1879 512 esse

1795 527 1822 548 ²⁸
1831 527 1908 574 Qui
1928 529 2207 578 responderunt
2227 530 2252 567 il

1795 580 1820 617 li
1839 581 2009 620 dicentes
2042 583 2237 621 iohanne*

1797 634 2002 684 baptistam
2056 643 2094 674 et
2115 637 2177 674 alii

1796 687 1936 725 heliam
1983 689 2042 726 alii
2062 697 2188 728 autem

1796 742 1904 790 quasi
1927 753 2047 779 unum
2066 755 2114 781 ex
2133 756 2204 793 pro

1795 795 1918 843 phetis

1795 847 1917 898 ²⁹Ipse
1939 856 2066 887 autem
2085 850 2277 899 interroga

1795 902 1848 939 uit
1868 914 1935 940 eos
1955 915 2025 941 uos
2044 914 2138 941 uero
2159 915 2275 953 quem

1795 967 1856 993 me
1876 968 1960 993 esse
1980 957 2100 994 dicitis

1797 1009 2055 1059 Respondens
2075 1017 2203 1048 autem
2223 1023 2271 1059 pe

1794 1069 1874 1100 trus
1895 1064 1946 1101 ait
1966 1064 2017 1100 illi
2038 1071 2076 1101 tu
2095 1070 2132 1101 eS
2150 1068 2223 1113 xps

1794 1117 1878 1154 30Et
1899 1118 2138 1155 conminatus
2158 1125 2215 1155 est
2235 1118 2287 1156 eis

1794 1177 1835 1207 ut
1855 1172 1998 1208 nemini
2019 1171 2187 1210 dicerent

1794 1225 1841 1261 de
1861 1237 1907 1262 eo

1793 1278 1878 1315 3¹Et
1898 1277 2024 1327 coepit
2044 1279 2180 1317 docere
2201 1279 2288 1317 illos

1794 1333 1979 1381 quoniam
1999 1339 2154 1381 oportet

1794 1386 1913 1422 filiurn
1933 1386 2099 1423 hominis
2119 1386 2199 1423 mul

1794 1446 1832 1476 ta
1851 1439 1930 1488 pati
1995 1446 2033 1476 et
2052 1441 2216 1489 reproba

1795 1493 1824 1529 ri
1848 1505 1870 1530 a
1889 1493 2103 1530 senioribus
2122 1500 2159 1530 et
2178 1494 2264 1542 pri*

1795 1546 1944 1595 cipibus
1964 1547 2194 1584 sacerdotu-

1793 1631 1844 1670 Et
1865 1633 1997 1670 scribis
2017 1639 2054 1670 et
2075 1633 2199 1670 occidi

1794 1693 1831 1724 et
1850 1693 1938 1736 post
1958 1693 2034 1724 tres
2056 1687 2136 1724 dies
2155 1700 2260 1725 resur

1792 1752 1882 1788 gere
1902 1739 1974 1778 ³²et
1995 1740 2121 1790 palam
2141 1752 2209 1779 uer

1791 1794 1885 1831 bum
1904 1794 2129 1844 loquebatur

1793 1847 1921 1893 Quem
1943 1849 2152 1898 suscipiens
2173 1861 2222 1898 pe

1792 1908 1873 1939 trus
1894 1903 2020 1952 coepit
2039 1902 2201 1952 obiurga

1792 1967 1832 1992 re
1853 1967 1941 1992 eum

1793 2009 1884 2046 ³⁸Ad
1893 2009 1952 2047 ille
1962 2021 2172 2047 conuersus
2181 2009 2288 2048 uides

1793 2063 2003 2112 discipulos
2023 2075 2112 2102 suos
2132 2076 2206 2102 con

1793 2117 1959 2155 minatus
1979 2124 2035 2155 est
2055 2125 2162 2166 petro
2183 2124 2221 2155 et

1793 2171 1887 2208 dixit
1907 2171 2004 2208 uade
2025 2179 2111 2220 post
2130 2183 2192 2208 me
2213 2183 2256 2209 sa

1793 2232 1902 2262 tanas
1921 2225 2105 2274 quoniam
2125 2230 2205 2262 no*

1793 2278 1895 2327 sapis
1915 2291 2013 2327 quae
2033 2278 2072 2315 di
2093 2285 2180 2316 sunt
2201 2279 2269 2317 sed

1793 2344 1891 2381 quae
1912 2340 1999 2369 sunt
2020 2331 2220 2369 hominum

1793 2385 1877 2423 3*Et
1897 2393 2111 2423 conuocata
2130 2387 2244 2424 turba

1792 2451 1880 2477 cum
1901 2439 2109 2488 discipulos
2128 2440 2180 2477 ait

1793 2493 1822 2530 si
1846 2493 1929 2542 quis
1949 2500 2036 2542 post
2055 2506 2116 2530 me
2136 2493 2200 2531 uul
2221 2505 2262 2531 se

1791 2547 1856 2597 qui
1875 2548 2039 2596 abneget
2058 2559 2099 2585 se
2120 2548 2189 2585 sibi
2209 2555 2247 2586 et

1790 2601 1897 2638 tollat
1917 2613 2073 2638 crucem
2096 2613 2205 2638 suam

1791 2662 1828 2691 et
1849 2662 2029 2704 sequatur
2049 2667 2111 2691 me

1790 2708 1904 2754 3⁵Qui
1920 2708 2022 2745 enim
2037 2707 2202 2745 uoluerit
2222 2706 2286 2744 ani

1791 2774 1896 2799 mam
1917 2773 2025 2798 suam
2047 2761 2193 2797 saluam

1790 2815 1914 2853 facere
1935 2814 2068 2863 perdet
2087 2826 2173 2851 eam

1791 2869 1857 2919 qui
1877 2875 2004 2907 autem
2024 2867 2230 2918 perdiderit
