2504 3382
306 188 380 214 xvr.
402 189 578 224 24-xv111.
597 175 648 230 4]
704 178 748 215 E
751 179 1022 219 UANGELI
1022 183 1114 221 HM
1143 184 1253 223 SEC

308 265 389 294 Fol.
408 267 462 295 13.

310 307 457 345 ²⁴Tunc
485 308 544 347 ihs
574 308 666 347 dixit
695 310 807 347 disci-

686 361 806 415 [pulis

309 413 386 452 suis
405 413 435 451 si
456 415 539 463 quis
559 427 630 464 pos
648 429 709 454 me
726 417 790 454 uul

308 468 437 505 uenire
457 470 622 517 abneget
643 482 682 508 se
704 472 773 509 sibi

306 528 342 558 et
362 521 469 559 tollat
489 534 641 560 crucem
661 532 780 563 mea-

307 581 343 612 et
363 583 543 625 sequatur
562 589 624 614 me

306 628 333 649 ²⁵
343 628 420 675 Qui
441 630 542 667 enim
559 631 721 668 uoluerit
741 632 803 669 ani

306 693 411 719 mam
432 695 541 720 suam
563 684 709 722 saluam

305 735 442 774 faceret
458 738 590 785 perdet
610 750 695 775 eam

305 790 369 838 qui
389 796 515 827 autem
536 792 749 840 perdeden't

305 844 474 880 animam
495 856 602 881 suam
623 857 721 894 prop

304 904 360 933 ter
380 909 441 934 me
462 898 628 936 inueniet
648 911 733 936 eam

303 950 552 996 26Quidenim
562 952 799 1000 prodeestho

302 1004 396 1040 mini
417 1005 446 1041 si
466 1011 585 1042 totum
606 1006 783 1042 mundu-

302 1058 464 1095 lucretur
483 1059 633 1096 animae
654 1071 744 1097 suae

303 1111 569 1147 detrimentum
590 1113 691 1160 patia

301 1170 361 1201 tur
381 1176 498 1212 quam
518 1164 622 1203 dabit
642 1165 761 1204 homo

300 1218 676 1256 conmunicationem

300 1271 450 1308 animae
473 1283 562 1309 suae

301 1323 431 1361 ²⁷Nam
440 1325 538 1362 filius
547 1325 797 1364 hominisue‘

298 1384 403 1415 turus
423 1385 478 1415 est
497 1380 535 1416 in
555 1380 715 1417 maiesta

298 1438 335 1469 te
357 1433 474 1480 patris
495 1433 551 1470 sui
571 1445 660 1471 cum
681 1446 781 1483 ange

297 1484 341 1522 lis
361 1486 439 1523 suis
459 1494 495 1523 et
515 1494 605 1524 tunc
625 1488 758 1525 reddet

295 1539 500 1588 unicuique
520 1540 728 1580 secundum

296 1604 415 1642 opera
434 1594 515 1631 eius

295 1677 459 1715 28Amen
479 1678 565 1716 dico
584 1680 695 1717 uobis
711 1693 790 1730 quo

295 1731 399 1768 niam
420 1738 506 1768 sunt
527 1732 642 1782 aliqui
662 1734 710 1771 de

292 1785 370 1822 istis
389 1785 625 1824 adstantibus
645 1788 709 1837 qui

295 1850 374 1875 non
394 1840 602 1887 gustabunt
620 1853 706 1878 mor

293 1898 372 1928 tem
392 1893 515 1930 donec
536 1894 689 1932 uideant

293 1945 390 1983 filius
410 1945 576 1984 hominis
597 1949 683 1985 ueni

291 2006 419 2037 entem
440 2000 479 2036 in
500 2013 619 2049 regno
640 2014 709 2040 suo

294 2067 315 2093 L
332 2061 368 2091 17
383 2053 627 2104 ¹Etsaclum
655 2061 708 2093 est
726 2063 791 2104 pos

696 2108 790 2162 [dies

291 2172 358 2198 sex
378 2160 590 2210 adsumpsit
609 2163 666 2201 ihs
688 2176 735 2212 pe

290 2220 391 2251 trum
410 2222 448 2252 et
467 2215 645 2253 iacobum
666 2224 703 2255 et

289 2267 497 2305 iohannem
517 2269 669 2308 fratrem

291 2322 372 2358 eius
392 2329 429 2359 et
451 2323 551 2360 ducit
572 2324 656 2361 illos
677 2325 715 2361 in

289 2382 460 2413 montem
480 2377 674 2414 excelsum

289 2439 461 2466 seorsum
482 2431 494 2451 ²
507 2437 543 2466 et
562 2430 692 2468 transfi

289 2489 444 2530 guratus
463 2490 518 2520 est
538 2483 595 2521 ihs
617 2493 704 2522 ante

288 2547 355 2573 eos
375 2542 412 2572 et
430 2537 662 2585 resplenduit
681 2538 718 2576 fa

288 2589 366 2626 cies
385 2589 466 2626 eius
487 2591 583 2628 sicut
603 2592 657 2628 sol
678 2604 746 2630 ues

287 2642 445 2679 timenta
464 2651 591 2681 autem
614 2645 694 2682 eius

286 2694 386 2732 facta
407 2704 493 2734 sunt
514 2698 678 2736 candida

287 2749 383 2786 sicut
404 2751 469 2786 nix
525 2751 581 2788 ³et
601 2764 690 2791 ecce
709 2753 759 2791 ad

285 2803 410 2851 paruit
429 2804 500 2841 illis
520 2817 672 2854 moyses

284 2862 322 2893 et
340 2855 459 2895 helias
478 2859 696 2910 conloque-

284 2915 341 2946 tes
360 2922 448 2948 cum
467 2923 515 2949 eo

286 2962 536 3012 4Respondes
556 2973 682 3005 autern
703 2980 751 3017 pe

845 310 949 349 Trus
969 313 1061 350 dixit
1080 314 1129 351 ad
1149 314 1228 351 ihm

842 365 917 402 dfie
937 366 1084 404 bonum
1103 375 1159 405 est
1178 380 1250 406 nos

841 418 901 456 hic
921 431 1004 457 esse
1029 421 1058 457 si
1078 421 1135 458 uis
1155 422 1296 460 faciam

841 472 901 510 hic
921 474 989 510 tria
1009 475 1252 513 tabernacula

840 526 907 562 tibi
926 539 1046 563 unum
1066 535 1103 565 et
1121 529 1247 577 moysi

840 591 959 617 unum
979 587 1014 618 et
1036 581 1155 619 heliae
1176 589 1289 619 unu-

838 632 996 671 ⁵Adhuc
1017 646 1063 671 eo
1083 635 1264 684 loquente

838 698 928 723 ecce
947 688 1046 725 nubs
1066 688 1191 726 lucida
1210 689 1250 726 in

838 740 1030 777 umbrauit
1051 753 1117 779 eos
1138 748 1174 779 et
1194 755 1238 780 ec

837 805 880 830 ce
900 805 978 831 uox
999 794 1047 831 de
1067 796 1169 833 nube
1189 796 1321 834 dicens

839 846 915 884 Hic
937 854 993 884 est
1012 848 1108 886 filius
1128 861 1236 888 meus
1256 850 1294 888 di

836 899 956 938 lectus
976 901 1014 938 in
1035 914 1113 951 quo
1132 904 1231 941 bene

835 953 927 990 mihi
947 956 1149 1004 conplacui
1168 957 1282 1006 ipsu-

833 1007 960 1045 audste

834 1060 901 1097 ⁶Et
922 1061 1119 1100 audientes
1140 1063 1287 1114 discipu

833 1113 857 1149 li
879 1115 1121 1153 caeciderunt
1141 1118 1180 1153 in
1200 1117 1238 1155 fa

834 1167 931 1204 ciem
953 1179 1061 1205 suam
1081 1176 1118 1207 et
1138 1171 1235 1208 timu

833 1228 941 1257 erunt
961 1221 1074 1259 ualde

833 1273 902 1310 ⁷Et
921 1274 1084 1312 adcessit
1103 1277 1160 1314 ihs
1180 1284 1217 1315 et
1237 1283 1312 1316 tete

830 1327 884 1376 git
903 1340 971 1365 eos
991 1335 1027 1366 et
1048 1329 1139 1368 dixit
1159 1332 1264 1381 surgi

831 1388 867 1417 te
887 1388 924 1418 et
944 1382 1061 1420 nolite
1083 1384 1215 1422 timere

831 1433 1040 1473 ⁸Leuantes
1060 1445 1188 1475 autern
1209 1451 1283 1477 ocu

827 1487 884 1525 lus
904 1500 995 1526 suos
1015 1492 1209 1529 neminem

828 1541 1005 1581 uiderunt
1018 1544 1089 1582 nisi
1105 1545 1227 1583 solum
1247 1546 1326 1583 ihm

827 1681 900 1719 9Et
921 1682 1242 1723 descendentibus

824 1736 894 1774 illis
915 1736 961 1774 de
981 1745 1114 1776 monte
1133 1740 1259 1787 praeci

826 1790 878 1838 pit
898 1790 956 1828 ihs
977 1791 1107 1829 dicens
1127 1793 1269 1831 nemini

826 1843 994 1882 dixeritis
1014 1845 1138 1882 uisum
1159 1846 1209 1883 do

826 1909 897 1934 nec
917 1897 1014 1935 filius
1035 1898 1201 1937 hominis
1222 1913 1244 1938 a

826 1951 985 1988 mortuis
1004 1961 1178 2001 resurgat

826 2004 911 2042 1⁰Et
929 2005 1257 2054 interrogauerunt

826 2069 914 2094 eum
935 2058 1108 2108 discipuli
1126 2061 1208 2098 eius
1229 2062 1266 2099 di

825 2117 954 2149 centes
973 2113 1066 2161 quid
1086 2126 1177 2162 ergo
1199 2115 1271 2152 scri

825 2165 897 2201 bae
917 2165 1046 2202 dicunt
1067 2167 1171 2216 quod
1192 2168 1265 2205 heli

823 2230 886 2255 am
905 2226 1054 2267 oportet
1074 2221 1239 2269 primurn

824 2272 952 2309 uenire

823 2325 915 2362 uAd
935 2326 1014 2375 ipse
1037 2328 1248 2376 respondes
1269 2329 1319 2366 ait

822 2378 940 2416 helias
959 2380 1114 2428 quidem
1133 2382 1151 2417 ι’·
1170 2394 1244 2419 uen

819 2440 923 2469 turus
942 2440 997 2470 est
1017 2435 1211 2473 restituere

821 2486 952 2523 omnia
972 2487 1093 2525 ¹²dico
1114 2496 1240 2526 autem

820 2540 932 2577 uobis
953 2541 1055 2590 quod
1076 2542 1194 2580 helias
1214 2543 1278 2581 ia*

819 2594 924 2630 uenit
943 2602 979 2631 et
1000 2607 1078 2632 non
1099 2608 1226 2645 cogno

819 2654 954 2684 uerunt
974 2660 1063 2685 eum
1083 2650 1149 2686 sed
1170 2650 1253 2687 fece

821 2708 907 2738 runt
927 2701 961 2738 ei
981 2710 1123 2751 quanta
1141 2704 1234 2741 uolu

821 2762 931 2792 erunt

819 2807 845 2828 ¹³
855 2808 968 2846 Tunc
988 2809 1252 2849 intellexerunt

820 2861 992 2911 discipuli
1008 2864 1112 2912 quod
1130 2865 1177 2902 de
1198 2865 1316 2904 ioha-

819 2927 867 2953 ne
888 2916 1050 2965 baptista
1071 2917 1164 2956 dixit
1182 2919 1251 2957 illis

1763 191 1849 230 MA
1863 194 2071 233 TTEUM
2418 215 2437 251 7

1414 278 1496 308 Fol.
1517 280 1572 309 14.

1415 320 1476 358 Sic
1497 328 1533 358 et
1554 321 1650 359 filius
1670 322 1835 361 hominis

1409 385 1566 412 necesse
1586 374 1698 413 habet
1718 378 1796 427 pati
1816 378 1865 416 ab

1407 439 1461 464 eis

1405 479 1489 518 14Εῑ
1502 493 1590 518 cum
1604 484 1768 521 uenisset
1783 484 1831 522 ad
1845 491 1905 523 tur

1406 534 1495 571 bam
1516 535 1679 574 adcessit
1700 539 1749 574 ad
1769 550 1858 575 eum

1405 587 1524 626 homo
1544 590 1705 637 genibus
1726 603 1848 639 prouo

1403 640 1491 679 lutis
1511 649 1599 680 ante
1619 656 1708 680 eum
1728 645 1754 664 ¹⁵
1763 645 1892 683 dicens

1404 694 1478 731 dfie
1498 696 1677 734 miserere
1698 698 1775 735 filio
1795 710 1884 736 meo

1402 748 1491 797 quia
1510 749 1698 788 lunaticus
1718 758 1774 788 est
1793 759 1830 789 et

1402 802 1502 839 male
1521 803 1661 851 patitur
1681 817 1771 842 nam
1792 817 1832 843 se

1402 868 1450 904 pe
1470 857 1569 893 cadit
1589 858 1628 894 in
1649 858 1777 907 ignem
1797 864 1834 896 et
1854 871 1877 897 a

1400 909 1601 958 liquotiens
1621 912 1660 948 in
1680 924 1820 962 aquam

1400 962 1468 1000 16et
1488 965 1608 1012 optuli
1628 977 1716 1003 eum
1738 966 1888 1015 discipu

1400 1016 1443 1053 lis
1459 1018 1532 1055 tuis
1547 1025 1584 1056 et
1598 1031 1678 1056 non
1693 1026 1898 1069 potuerunt

1399 1083 1531 1108 curare
1551 1084 1639 1109 eum

1399 1124 1425 1144 ¹⁷
1435 1124 1690 1173 Respondens
1698 1133 1827 1165 autem
1839 1127 1896 1165 ihs

1399 1178 1448 1214 ait
1470 1200 1478 1208 ·
1499 1191 1523 1216 o
1545 1200 1553 1209 ·
1574 1181 1769 1228 generatio
1793 1181 1894 1219 incre

1399 1230 1487 1268 dula
1507 1239 1543 1269 et
1564 1246 1740 1282 peruersa
1760 1246 1838 1284 quo

1398 1296 1517 1334 usque
1537 1288 1657 1335 patiar
1677 1301 1746 1326 uos
1767 1300 1844 1338 quo

1397 1350 1518 1387 usque
1537 1353 1603 1377 ero
1623 1343 1823 1380 uobiscum

1397 1392 1541 1431 adferte
1561 1394 1635 1432 huc
1655 1395 1761 1433 illum
1781 1397 1831 1434 ad

1394 1457 1456 1482 me

1394 1497 1477 1537 1⁸Et
1485 1500 1695 1550 increpauit
1710 1503 1768 1541 ihs
1780 1511 1817 1542 et
1830 1506 1891 1543 exi

1393 1553 1447 1590 bit
1467 1555 1515 1592 ab
1535 1566 1582 1592 eo
1602 1556 1824 1595 demonium

1513 1651 1533 1672 a

1390 1681 1439 1719 Et
1459 1691 1588 1722 curtus
1607 1692 1661 1724 est
1681 1699 1776 1736 puer

1392 1749 1438 1773 ex
1459 1738 1520 1776 illa
1539 1738 1633 1777 hora

1387 1790 1537 1830 ”Tunc
1561 1793 1810 1834 adcesserunt
1830 1796 1886 1835 dis

1387 1845 1501 1894 cipuli
1521 1847 1569 1884 ad
1589 1847 1667 1885 ihm
1688 1861 1793 1887 secre

1386 1904 1427 1937 to
1447 1906 1484 1937 et
1505 1900 1682 1938 dixerunt
1701 1903 1734 1939 ei
1755 1915 1831 1952 qua

1386 1965 1426 1990 re
1446 1966 1517 1992 nos
1536 1966 1614 1992 non
1634 1957 1829 2003 potuimus

1385 2007 1505 2044 eicere
1526 2008 1617 2046 illud
1638 2009 1764 2048 ²⁰dicit
1783 2011 1855 2049 illis

1385 2068 1540 2110 propter
1560 2062 1783 2102 incredulita

1383 2121 1462 2151 tem
1482 2123 1648 2153 uestram

1383 2168 1511 2205 Amen
1532 2169 1617 2207 dico
1637 2171 1748 2208 uobis
1768 2172 1798 2209 si
1820 2171 1870 2211 ha

1384 2222 1538 2260 bueritis
1558 2223 1673 2261 fidem
1694 2225 1790 2263 sicut

1383 2287 1545 2323 granum
1566 2279 1718 2326 senapis
1738 2279 1776 2316 di

1381 2329 1513 2367 ceretis
1532 2329 1619 2368 huic
1640 2333 1762 2370 monti

1383 2384 1499 2420 transi
1520 2384 1607 2422 hinc
1626 2385 1714 2423 illuc
1734 2393 1772 2424 et

1380 2438 1554 2474 transibit
1591 2445 1628 2475 et
1647 2439 1739 2476 nihil
1759 2441 1798 2478 in

1383 2491 1563 2538 possibile
1582 2499 1638 2530 est
1657 2495 1770 2531 uobis

1380 2544 1490 2582 ²¹hoc
1511 2552 1638 2583 autem
1658 2559 1778 2595 genus
1797 2555 1878 2587 no*

1381 2599 1512 2636 eicitur
1532 2600 1602 2636 nisi
1622 2612 1690 2648 per
1710 2613 1777 2638 ora

1380 2653 1526 2689 tionem
1546 2660 1581 2690 et
1601 2654 1783 2692 ieiunium

1380 2705 1511 2755 ²²Ipsis
1531 2714 1658 2744 autern
1679 2720 1822 2747 conuer

1380 2761 1550 2797 santibus
1571 2761 1608 2797 in
1628 2762 1796 2810 galilea-

1379 2813 1472 2851 dixit
1492 2813 1562 2850 illis
1582 2814 1640 2852 ihs
1660 2814 1822 2854 futuru*

1379 2873 1435 2904 est
1454 2873 1494 2904 ut
1514 2867 1609 2906 filius
1629 2868 1796 2909 hominis

1379 2921 1550 2959 tradatur
1569 2922 1608 2959 in
1628 2935 1765 2961 manus

1946 324 2164 364 Hominum
2184 329 2254 366 ²³et
2274 331 2357 369 occi

1943 378 2033 415 dent
2055 392 2144 417 eum
2167 389 2203 419 et
2222 385 2331 421 tertio

1942 432 2003 470 die
2024 442 2196 482 resurget

1940 484 1990 522 Et
2009 488 2221 526 contristati
2242 497 2329 529 sunt
2349 503 2397 530 ue

1938 538 2136 578 hementer

1937 601 1979 628 LI
1996 592 2025 613 ²4
2033 593 2091 630 Et
2105 608 2185 632 cum
2201 599 2381 636 uenissent
2391 612 2435 637 ca

1938 645 2150 694 pharnaum
2171 649 2328 689 adcesse

1938 706 2024 736 runt
2043 702 2107 749 qui
2127 702 2327 752 didragma

1937 753 2142 802 exigebant
2161 756 2210 793 ad
2230 764 2368 805 petru*

1936 812 1973 843 et
1994 807 2169 846 dixerunt
2189 811 2312 859 magis

1934 865 1990 896 ter
2009 867 2131 898 uester
2151 875 2230 900 non
2251 865 2362 902 soluit

1935 912 2137 963 didragma

1934 966 2034 1004 ²⁵Ait
2052 968 2181 1018 utique
2250 977 2286 1008 et
2307 971 2404 1010 intra

1933 1019 1959 1056 ti
1980 1021 2018 1057 in
2039 1021 2156 1059 domo
2177 1026 2349 1072 preuenit

1932 1086 2019 1111 eum
2040 1075 2097 1112 ihs
2117 1076 2247 1115 dicens
2267 1079 2358 1128 quid

1932 1127 1999 1164 tibi
2019 1128 2167 1167 uidetur
2187 1131 2310 1168 simon

1931 1193 2039 1229 reges
2059 1189 2178 1220 terrae
2199 1197 2221 1221 a
2241 1186 2379 1235 quibus

1930 1235 2125 1283 adcipiunt
2145 1237 2324 1276 tributum

1929 1287 1991 1324 uel
2012 1300 2171 1326 censum
2191 1303 2213 1328 a
2233 1292 2316 1329 filiis
2337 1305 2382 1330 su

1929 1341 1960 1378 is
1980 1347 2044 1378 aut
2064 1343 2112 1379 ab
2132 1343 2263 1382 alienis
2318 1346 2387 1384 ²⁰et

1928 1394 1988 1431 ille
2009 1395 2101 1433 dixit
2121 1398 2170 1434 ab
2190 1398 2321 1436 alienis

1928 1447 2034 1486 Dixit
2053 1450 2104 1486 illi
2126 1451 2184 1488 ihs
2203 1464 2297 1501 ergo
2315 1453 2390 1491 libe

1926 1502 1956 1538 ri
1981 1509 2069 1540 sunt
2089 1504 2138 1541 fili
2159 1505 2235 1542 ²⁷ut
2255 1515 2384 1544 autem

1924 1567 2004 1595 non
2024 1557 2325 1598 scandalizemus

1924 1694 2004 1733 Eos

1922 1748 2031 1786 Uade
2051 1750 2100 1788 ad
2119 1763 2224 1790 mare
2243 1759 2279 1791 et
2298 1755 2367 1793 mit

1922 1810 1956 1839 te
1975 1815 2106 1841 amum
2126 1812 2162 1842 et
2180 1818 2269 1844 eum
2288 1809 2347 1857 pis

1919 1868 2006 1893 cem
2027 1859 2090 1906 qui
2111 1860 2256 1907 primus
2275 1867 2394 1900 asce*

1919 1909 2015 1947 derit
2035 1923 2142 1949 sume
2164 1920 2200 1950 et
2221 1923 2353 1964 aperto

1918 1975 1983 2000 ore
2004 1976 2084 2002 eius
2105 1968 2275 2005 muenies
2295 1975 2353 2007 sta

1916 2022 2036 2054 tarem
2056 2018 2162 2056 illum
2181 2021 2321 2059 tollens

1916 2070 1964 2107 da
1984 2071 2037 2108 eis
2057 2084 2128 2120 pro
2149 2085 2210 2111 me
2231 2082 2267 2112 et
2286 2083 2324 2113 te

1915 2132 1975 2160 LII
1988 2132 2022 2162 18
2037 2125 2100 2163 ¹In
2113 2127 2179 2164 illa
2192 2128 2247 2165 dz'e
2261 2142 2414 2168 accesse-

2306 2181 2417 2235 [runt

1915 2230 2087 2281 discipuli
2105 2233 2153 2271 ad
2173 2235 2250 2272 ihm
2271 2236 2387 2274 dice*

1914 2290 1970 2322 tes
1990 2286 2074 2335 quis
2096 2295 2204 2335 putas
2225 2289 2346 2327 maior

1914 2345 1971 2375 est
1992 2339 2030 2375 in
2050 2352 2170 2389 regno
2191 2343 2373 2381 caeloru-

1914 2391 1983 2429 2Et
2003 2392 2060 2430 ihs
2081 2396 2233 2432 uocauit
2256 2405 2411 2445 pueru—

1913 2452 1949 2482 et
1970 2447 2098 2484 statuit
2119 2460 2207 2485 eum
2229 2450 2267 2486 in
2288 2463 2350 2489 me

1912 2499 1976 2536 dio
1996 2512 2129 2537 eorum
2149 2502 2206 2539 ³et
2226 2503 2320 2541 dixit

1911 2564 2023 2590 amen
2045 2554 2131 2592 dico
2151 2557 2262 2594 uobis
2282 2558 2355 2596 nisi

1910 2608 2086 2644 conuersi
2106 2608 2248 2648 fueritis

1911 2666 1947 2696 et
1967 2660 2182 2699 efficiamini
2199 2664 2294 2701 sicut

1909 2714 2016 2761 pueri
2036 2727 2114 2752 non
2135 2716 2320 2756 intrabitis

1909 2767 1948 2803 in
1969 2779 2090 2816 regno
2111 2771 2306 2809 caelorum

1908 2819 2173 2872 ⁴Quicumque
2193 2836 2285 2873 ergo
2305 2825 2356 2863 hu

1909 2874 2108 2913 miliauerit
2126 2889 2167 2914 se
2187 2878 2282 2916 sicut
2302 2891 2355 2928 pu

1909 2939 1949 2964 er
1966 2928 2035 2966 iste
2055 2929 2116 2968 hic
2135 2931 2258 2969 maior
2276 2939 2332 2970 est

1910 2981 1948 3018 in
1968 2994 2087 3031 regno
2107 2984 2299 3023 caelorum
