2504 3382
136 206 181 230 22

130 280 213 310 1¹01.
230 280 287 309 43.

458 191 489 229 S
489 190 532 227 E
533 190 566 228 C
572 189 694 228 UA’D
701 189 793 227 UM

136 327 153 360 1
178 322 248 358 ¹In
260 321 450 370 prz'ncszz'o
468 324 549 357 erat
565 331 630 356 uer
665 318 769 356 Tum
789 324 846 355 est
865 324 902 355 et
921 317 1105 355 habitabit

133 376 216 413 bum
236 379 268 411 et
285 374 432 411 uerbum
452 378 534 410 erat

133 433 224 478 aput
241 428 299 465 dm
320 433 354 464 el
370 428 412 464 ῖς
431 431 513 464 erat

133 482 281 519 uerbum
300 482 385 518 2h0c
403 485 486 517 erat

133 537 173 572 in
182 536 369 584 princszz'o
388 537 479 582 aput
496 533 557 569 ῖῗηι

135 589 299 626 ³Omnia
318 599 384 636 per
404 587 509 623 illum
529 586 630 623 facta

133 648 222 680 sunt
240 647 277 679 et
297 642 377 678 sine
397 640 461 678 illo
481 639 540 678 fac

131 702 214 733 tum
234 701 290 732 est
310 694 402 731 nihil
422 693 528 743 quod

135 748 279 786 factum
299 755 356 785 est
376 748 433 784 4in
454 748 539 796 ipso

132 802 210 840 uita
230 809 286 839 est
306 809 341 839 et
361 802 439 838 uita
459 807 539 838 erat

133 855 197 893 lux
218 855 417 893 hominum
437 855 494 891 ⁵et
512 853 577 890 lux

133 909 173 946 in
193 909 357 947 tenebris
376 908 476 945 lucet
495 914 532 945 et

134 963 313 1001 tenebrae
333 974 419 999 eam
439 973 519 998 non

134 1015 516 1065 conpraehenderunt

133 1069 240 1106 ⁶Fuit
253 1069 369 1106 homo
385 1069 523 1105 missus
539 1079 561 1105 a
577 1065 629 1104 do

133 1123 196 1161 cui
216 1134 359 1160 nomen
379 1128 458 1159 erat
478 1121 514 1158 io

133 1177 279 1214 hannes
299 1175 381 1213 ⁷hic
401 1175 506 1212 uenit

133 1230 172 1267 in
191 1229 451 1267 testimonium
471 1234 513 1265 ut

134 1283 394 1322 testimonium
413 1281 518 1331 perhi

134 1338 239 1375 beret
258 1336 305 1374 de
325 1336 464 1373 lumine
485 1343 527 1373 ut

135 1402 270 1429 omnes
289 1390 487 1428 crederent

164 1457 204 1482 er
223 1444 327 1481 illum

134 1457 194 1535 {DN
198 1510 249 1535 on
269 1503 348 1535 erat
368 1496 429 1534 ille
450 1495 515 1533 lux
535 1495 604 1533 sed

135 1558 177 1589 ut
198 1550 457 1589 testimonium
477 1549 582 1599 perhi

134 1680 247 1718 Beret
267 1679 314 1717 de
333 1678 476 1715 lumine

135 1734 233 1771 ⁹erat
253 1733 317 1770 lux
337 1745 429 1769 uera
448 1744 546 1781 quae

135 1787 333 1824 inluminat
354 1793 499 1824 omne-

135 1841 332 1879 hominem
352 1840 492 1877 uenien

135 1901 214 1932 tem
233 1895 272 1931 in
291 1893 392 1931 hunc
412 1905 506 1930 mun

137 1948 230 1986 dum
285 1948 358 1984 ¹⁰in
377 1947 450 1984 hoc
471 1958 566 1983 mun

138 2002 188 2039 do
207 2008 285 2039 erat
304 2009 339 2038 et
359 2000 525 2037 mundus

137 2068 205 2105 per
224 2055 348 2104 ipsum
367 2055 487 2091 factus
507 2060 563 2090 est

137 2116 175 2146 et
193 2108 360 2146 mundus
379 2119 467 2145 eum
487 2114 570 2144 no-

141 2162 325 2211 cognoust

138 2215 220 2253 11Ιῐι
239 2227 307 2253 sua
327 2214 477 2264 propria
496 2214 600 2252 uenit

139 2276 175 2307 et
195 2269 252 2307 sui
272 2281 360 2306 eum
380 2281 459 2306 non
478 2280 564 2306 rece

139 2329 276 2372 perunt
293 2322 320 2342 1²
328 2322 537 2372 quodquod

140 2383 266 2414 autem
286 2383 511 2425 receperunt

142 2442 231 2468 eum
252 2430 354 2467 dedit
374 2430 426 2467 eis
445 2437 556 2479 potes

140 2491 257 2521 tatem
277 2484 372 2521 filios
392 2483 443 2520 di·
464 2483 546 2520 fieri

142 2537 200 2574 bis
220 2537 284 2585 qui
305 2537 464 2575 credunt
485 2537 524 2573 in

143 2591 298 2628 nomine
319 2591 398 2628 eius
417 2590 516 2640 13qui
537 2597 622 2628 no—

143 2656 191 2681 ex
211 2644 422 2692 sanguinib-
443 2657 531 2694 neq·

144 2709 192 2734 ex
215 2697 409 2734 uoluntate
430 2710 494 2734 car

145 2751 205 2787 nis
224 2762 347 2799 neque
368 2762 415 2787 ex
435 2751 557 2788 uolu*

145 2811 222 2841 tate
243 2804 311 2840 uiri
332 2804 400 2841 sed
419 2816 466 2841 ex
486 2803 538 2842 do

147 2857 226 2894 nati
248 2863 336 2894 sunt

146 2910 232 2948 14Εῑ
253 2911 413 2948 uerbum
433 2923 521 2949 caro
541 2911 601 2950 fac

663 372 703 409 in
723 372 833 409 nobis
853 378 889 409 et
909 371 1076 409 uidimus

664 426 825 474 gloriam
846 425 925 462 eius
947 446 954 454 ·
975 425 1040 474 glo

665 491 747 515 ram
767 479 874 527 quasi
893 479 1009 527 unige

664 532 732 570 niti
752 544 773 568 a
793 540 899 581 patre
920 532 1068 581 plenu-

664 586 784 633 gratia
803 593 841 623 et
861 587 1019 623 ueritate

664 638 690 659 ¹5
699 639 891 677 Iohannes
911 640 1062 676 testimo

663 693 770 730 nium
788 694 934 742 peribet
955 693 1000 730 de
1019 692 1082 730 illo

665 753 701 783 et
720 746 858 784 clamat
878 747 1008 784 dicens

665 799 725 837 hic
746 807 825 837 erat
845 812 958 849 quem
980 799 1059 836 dixi

666 854 731 903 qui
750 860 837 902 post
856 865 918 890 me
938 853 1041 890 uenit

665 913 753 944 ante
773 919 836 944 me
856 906 978 944 factus
999 913 1054 944 est

666 960 754 1008 quia
774 961 858 1008 prio
878 972 939 997 me
960 965 1040 996 erat

663 1013 689 1033 ¹⁶
699 1013 895 1058 Quoniam
915 1013 962 1050 de
981 1012 1084 1062 pleni

665 1067 795 1104 tudine
817 1067 897 1103 eius
918 1078 989 1103 nos

665 1131 801 1158 omnes
821 1121 1042 1169 accepimus

663 1174 824 1222 gratiam
844 1186 913 1222 pro
934 1186 1002 1223 gra

664 1228 716 1264 tia
735 1227 858 1277 17quia
879 1227 939 1264 lex
960 1239 1027 1277 per
1048 1238 1137 1276 moy

665 1293 732 1318 sen
753 1281 841 1318 data
861 1288 916 1318 est
989 1293 1058 1329 gra

664 1335 716 1372 tia
735 1342 863 1372 autem
883 1342 920 1372 et
940 1335 1021 1372 ueri

665 1395 722 1426 tas
743 1400 810 1436 per
830 1388 921 1425 ihm·
943 1392 1049 1437 xpm·

664 1441 764 1479 facta
783 1449 838 1479 est

664 1495 778 1532 ¹⁸dm·
799 1507 915 1532 nemo
936 1495 1026 1533 uidit
1045 1506 1112 1532 um

665 1561 781 1599 quam
802 1549 873 1586 nisi
894 1549 1009 1597 unige

667 1678 779 1716 Nitus
798 1678 894 1715 filius
914 1678 979 1727 qui
1000 1683 1057 1715 est

665 1732 705 1769 in
726 1732 852 1769 sinum
872 1732 988 1781 patris
1009 1732 1091 1780 ipse

666 1785 857 1823 enarrauit

667 1839 749 1876 1⁴³Et
761 1838 834 1876 hoc
848 1844 903 1875 est
916 1837 1166 1876 testimoniu-

666 1892 843 1930 iohannis
864 1891 1017 1941 quando

667 1948 848 1984 miserunt
869 1946 994 1983 iudaei

669 2001 718 2038 ab
738 1999 1004 2048 hierosolymis

669 2054 882 2092 sacerdotes
903 2060 940 2090 et
960 2053 1021 2090 leu

669 2108 766 2145 uitas
787 2107 834 2144 ad
854 2119 942 2144 eum
962 2114 1003 2144 ut
1021 2107 1060 2143 in

669 2168 903 2210 terrogarent
924 2173 1016 2198 eum

670 2222 711 2253 tu
731 2216 814 2264 quis
834 2227 874 2252 es
949 2214 1022 2251 20θῐ
1037 2213 1169 2252 confes

672 2280 736 2306 sus
756 2276 812 2306 est
832 2276 868 2305 et
888 2279 967 2305 non
988 2280 1088 2316 nega

670 2322 725 2359 uit
807 2321 1007 2359 confessus
1028 2328 1085 2359 est

673 2375 763 2426 quia
786 2387 860 2425 ego
880 2387 958 2413 non
979 2387 1064 2412 sum

671 2432 746 2478 xps

672 2483 756 2520 21Εῖ
775 2483 1104 2531 interrogauerunt

672 2548 762 2575 eum
780 2537 917 2574 iterum
939 2557 946 2565 ·
968 2536 1059 2585 quid

674 2602 766 2639 ergo
786 2597 826 2627 tu
846 2590 963 2627 helias
982 2602 1023 2628 es
1042 2596 1079 2627 et

675 2644 767 2682 dixit
787 2656 867 2681 non
887 2656 972 2681 sum
1011 2656 1060 2680 ne

675 2710 768 2747 ergo
787 2698 976 2747 propheta
995 2709 1036 2735 es
1055 2704 1096 2735 tu

676 2759 711 2789 et
731 2752 928 2800 respondit
948 2763 1026 2789 non

677 2804 706 2825 ²²
717 2805 763 2842 Et
783 2806 958 2842 dixerunt
979 2806 1013 2842 ei
1032 2805 1093 2843 dic

678 2871 771 2907 ergo
791 2859 903 2896 nobis
923 2859 1008 2908 quis
1027 2871 1068 2896 es

678 2918 719 2949 ut
738 2924 965 2961 responsum
986 2913 1122 2950 demus

1231 274 1313 303 Fol.
1331 274 1390 303 44.

1232 315 1306 352 His
1326 316 1391 365 qui
1409 315 1593 353 miserunt
1613 326 1684 352 nos

1230 369 1322 418 quid
1343 369 1434 406 dicis
1456 369 1502 405 de
1522 375 1559 405 te
1579 369 1663 417 ipso

1284 421 1312 443 ²³
1321 423 1371 460 ait
1391 434 1463 470 ego
1484 434 1560 458 uox
1581 422 1639 459 cla

1285 476 1426 513 mantis
1446 475 1485 511 in
1506 475 1616 511 deser

1284 535 1323 566 to
1342 535 1472 578 parate
1490 528 1595 565 uiam

1285 583 1351 620 dni
1371 583 1469 620 sicut
1489 581 1582 618 dixit

1285 636 1404 673 eseias
1425 634 1573 684 profeta

1230 689 1316 727 ²⁴Et
1340 689 1404 738 qui
1422 689 1529 726 missi
1549 688 1698 724 fuerant

1231 755 1277 780 ex
1299 742 1507 792 pharisaeis
1526 742 1598 779 2⁵et
1619 741 1658 778 in

1230 802 1518 845 terrogauerunt
1537 801 1612 832 eu*

1231 849 1400 887 dicentes
1420 849 1513 898 quid
1533 860 1626 897 ergo

1230 904 1373 940 batizas
1394 903 1425 940 si
1445 911 1486 939 tu
1506 915 1585 940 non
1605 913 1646 939 es

1232 960 1304 1005 xps
1325 968 1450 1006 neque
1473 956 1591 993 helias

1231 1022 1357 1059 neque
1378 1009 1566 1059 propheta

1233 1074 1251 1100 Ι
1268 1062 1505 1112 ²⁶Resp0ndz'l
1520 1064 1570 1100 ez‘s
1590 1063 1700 1099 z'ohan

1233 1130 1301 1155 nes
1323 1118 1454 1155 dicens
1475 1128 1547 1166 ego
1568 1116 1713 1166 quide-

1233 1184 1304 1209 uos
1324 1171 1476 1221 baptizo
1496 1172 1534 1208 in
1554 1182 1655 1220 aqua

1233 1225 1381 1262 medius
1401 1231 1526 1262 autem
1546 1236 1614 1261 ues

1235 1286 1335 1316 trum
1356 1285 1412 1315 sta
1433 1290 1549 1328 quem
1568 1289 1639 1315 uos

1236 1344 1314 1371 non
1335 1332 1437 1370 scitis
1457 1331 1573 1380 2Τὶρεθ
1593 1338 1648 1368 est
1669 1330 1714 1368 de

1236 1397 1313 1435 quo
1334 1386 1509 1423 dicebam
1533 1397 1610 1434 quo

1235 1441 1339 1476 niam
1358 1446 1444 1488 post
1463 1451 1525 1475 me
1546 1439 1651 1475 uenit

1233 1494 1291 1530 uir
1310 1494 1375 1541 qui
1395 1499 1481 1529 ante
1501 1504 1563 1529 me
1583 1492 1643 1529 fac

1234 1553 1294 1585 tus
1314 1553 1371 1584 est
1391 1546 1498 1584 cuius
1519 1557 1592 1594 ego
1613 1549 1697 1583 no*

1235 1676 1329 1714 Sum
1349 1675 1489 1725 dignus
1508 1681 1548 1712 ut
1569 1674 1627 1712 sol

1233 1742 1323 1767 uam
1343 1729 1548 1777 corrigiam

1235 1783 1473 1821 calciamenti

1234 1837 1381 1875 2⁵³Haec
1404 1837 1444 1874 in
1467 1836 1647 1874 bethania
1667 1848 1736 1885 ges

1235 1898 1272 1929 ta
1291 1896 1379 1929 sunt
1398 1898 1503 1928 trans
1522 1890 1578 1927 ior

1236 1945 1390 1983 dannen
1410 1945 1476 1981 ubi
1496 1951 1577 1981 erat

1235 1999 1449 2037 iohannens
1468 1998 1574 2047 bapti

1236 2064 1327 2090 zans

1237 2116 1274 2143 ΙΙ
1289 2106 1458 2143 ²⁹Allera
1478 2106 1535 2142 die
1553 2105 1651 2142 uidet
1672 2105 1705 2142 2‘0

1236 2161 1383 2198 hannes
1403 2159 1482 2196 ihm
1502 2159 1591 2196 ueni

1237 2221 1364 2252 entem
1384 2213 1433 2251 ad
1454 2225 1493 2250 se
1531 2219 1567 2251 et
1588 2212 1638 2250 ait

1238 2280 1326 2306 ecce
1346 2279 1468 2316 agnus
1488 2266 1527 2303 di
1547 2279 1637 2304 ecce

1239 2322 1303 2371 qui
1325 2321 1419 2358 tollit
1438 2326 1632 2369 peccatu-

1238 2375 1413 2412 mur‘nndi
1433 2374 1528 2411 ³⁰hic
1548 2381 1604 2411 est
1624 2373 1670 2412 de

1240 2440 1317 2479 quo
1336 2440 1410 2476 ego
1432 2428 1510 2465 dixi
1530 2435 1618 2477 post

1239 2495 1300 2520 me
1320 2482 1424 2519 uenit
1443 2482 1498 2518 uir
1518 2482 1582 2531 qui
1602 2493 1652 2518 an

1240 2543 1276 2574 te
1296 2548 1358 2573 me
1379 2535 1502 2572 factus
1521 2542 1578 2572 est
1598 2535 1687 2584 quia

1240 2590 1344 2639 prior
1363 2601 1425 2626 me
1445 2595 1526 2626 erat
1545 2588 1615 2626 3¹et
1635 2600 1709 2639 ego

1242 2655 1321 2681 non
1341 2643 1509 2680 sciebam
1527 2654 1618 2680 eum

1243 2697 1310 2735 sed
1328 2704 1371 2734 ut
1390 2696 1591 2734 manifesta

1242 2758 1342 2789 retur
1361 2750 1462 2800 plebi
1482 2749 1617 2788 israhel

1243 2812 1444 2854 propterea
1462 2805 1551 2842 ueni
1570 2816 1644 2853 ego

1242 2859 1281 2895 in
1300 2870 1401 2908 aqua
1419 2858 1617 2907 baptizans

1243 2911 1329 2950 ³²Et
1348 2912 1608 2950 testimonium
1629 2924 1676 2962 pe

2095 182 2139 237 [1.
2164 200 2262 230 1-40.

1764 312 1921 350 Rhibuit
1940 313 2126 373 iohannes

1955 377 1966 397 1

1764 409 1894 447 dicens
1915 422 1991 459 qua
2010 410 2102 447 uidit

1763 466 1849 511 spm
1870 463 2153 501 descendente*

1767 517 1875 564 quasi
1895 517 2114 554 columbam

1767 569 1814 606 de
1836 570 1918 607 celo
1939 578 1976 608 et
1995 572 2136 609 mansit

1765 634 1880 669 super
1903 635 1993 660 eum

1765 675 1848 712 ³³Et
1868 688 1942 724 ego
1963 688 2043 713 non
2062 677 2229 715 sciebam

1764 740 1853 765 eum
1874 729 1941 766 sed
1962 730 2027 778 qui
2047 731 2148 767 misit

1764 794 1827 819 me
1847 783 2038 832 baptizare
2058 783 2096 819 in
2117 796 2139 820 a

1764 847 1840 884 qua
1859 835 1920 873 ille
1940 836 2032 873 mihi
2052 837 2147 874 dixit

1766 901 1880 938 super
1900 902 2015 939 quem
2035 891 2175 927 uideris

1765 946 1853 991 spm
1873 942 2156 981 descendente-

1766 997 1813 1034 de
1834 997 1940 1035 caelo
1961 1004 1996 1035 et
2017 1004 2163 1035 mane-

1765 1058 1844 1087 tem
1864 1062 1978 1100 super
1997 1063 2086 1088 eum
2106 1050 2166 1088 hic

1768 1111 1824 1141 est
1845 1105 1910 1154 qui
1930 1105 2099 1153 baptizat
2118 1105 2157 1141 in

1768 1160 1851 1206 spu·
1875 1163 1953 1196 sco·
1974 1159 2045 1196 3⁴¹et
2064 1170 2138 1207 ego
2157 1158 2237 1195 uidi

1768 1218 1805 1248 et
1823 1213 2084 1250 testimonium
2105 1224 2152 1261 pe

1768 1264 1891 1302 rhibui
1911 1266 2001 1315 quia
2021 1266 2080 1303 hic
2101 1272 2157 1303 est

1768 1318 1910 1357 electus
1929 1319 1970 1357 di

1767 1372 1795 1392 ⁸⁵
1804 1372 1935 1410 Altera
1955 1373 2014 1410 die
2035 1373 2171 1410 iterum
2192 1378 2250 1410 sta

1768 1426 1833 1463 bat
1853 1426 2035 1464 iohannes
2055 1433 2092 1464 et
2111 1439 2159 1464 ex

1770 1479 1948 1529 discipilis
1967 1481 2047 1517 eius
2069 1480 2146 1517 duo

1769 1532 1839 1571 3⁶et
1859 1533 2065 1582 respiciens
2085 1533 2165 1570 ihm

1770 1587 2032 1624 ambulantem
2053 1586 2148 1624 dixit

1769 1675 1873 1712 Ecce
1893 1686 2016 1723 agnus
2036 1673 2076 1711 di
2097 1686 2188 1712 ecce

1771 1729 1836 1778 qui
1857 1729 1952 1766 tollit
1971 1735 2171 1778 peccatum

1770 1782 1905 1820 mundi

1769 1836 1855 1874 ³⁷Et
1875 1836 2075 1873 audierunt
2091 1847 2180 1873 eum

1771 1890 1848 1928 duo
1869 1889 2043 1938 discipuli
2063 1890 2144 1927 eius

1770 1943 1994 1993 loquentem
2015 1949 2052 1980 et
2074 1955 2165 1981 secu

1772 1998 1798 2034 ti
1819 2005 1905 2034 sunt
1925 1997 2004 2034 ihm

1771 2061 1828 2088 ΙΙΙ
1837 2052 1863 2072 ³³
1871 2051 2079 2089 Conuersus
2086 2054 2201 2088 aulem
2212 2049 2272 2087 ihs

1770 2114 1808 2143 et
1828 2105 1962 2142 uidens
1982 2117 2048 2142 eos
2068 2111 2217 2153 seque-

1770 2166 1828 2197 tes
1848 2171 1887 2197 se
1910 2159 2000 2196 dixit
2020 2159 2073 2196 eis
2094 2158 2186 2208 quid

1773 2213 1953 2262 quaeritis

1772 2267 1850 2313 Qui
1870 2266 2066 2304 deixerunt
2086 2265 2119 2302 ei
2140 2265 2208 2302 rab

1771 2321 1810 2358 bi
1830 2320 1934 2370 quod
1954 2319 2087 2357 dicitur
2107 2319 2146 2356 in

1771 2380 2043 2423 terpraetatum
2063 2385 2128 2410 ma

1770 2428 1884 2476 gister
1903 2428 1967 2464 ubi
1987 2438 2120 2464 manes

1770 2482 1798 2503 ³⁹
1806 2481 1908 2519 Dicit
1926 2482 1980 2519 eis
1999 2481 2057 2518 ihs
2077 2479 2201 2518 uenite
2222 2486 2260 2516 et

1771 2535 1897 2573 uidete
2085 2541 2274 2572 uenerunt

1772 2596 1809 2627 et
1828 2589 2004 2626 uiderunt
2023 2588 2088 2625 ubi
2108 2600 2173 2625 ma

1773 2650 1881 2680 neret
1901 2649 1937 2680 et
1956 2649 2049 2691 aput
2069 2653 2159 2679 eum

1772 2702 2000 2734 manserunt
2020 2695 2081 2732 die
2100 2695 2164 2731 illo

1773 2749 1869 2788 hora
1889 2756 2016 2787 autem
2036 2754 2117 2785 erat
2137 2759 2214 2797 qua

1773 2805 1805 2841 si
1825 2803 1973 2841 decima

1771 2857 1898 2894 ⁴⁰Erat
1916 2862 2044 2893 autem
2065 2854 2226 2892 andreas

1771 2910 1884 2948 frater
1903 2909 2061 2948 simonis
2076 2909 2172 2959 petri
