2504 3382
253 196 333 223 xm.
359 190 503 221 28-xtv.
525 177 598 233 29.]
654 180 698 219 E
701 177 973 218 UANGELI
974 177 1068 216 UM

255 268 337 298 1¹01.
353 269 432 298 183.

257 310 405 348 Ramus
424 309 504 347 eius
524 313 631 346 tener

255 364 366 402 suerit
385 369 422 400 et
441 362 533 401 folia
552 368 700 399 nascu-

255 424 317 455 tur
336 415 564 466 cognoscitis
584 416 674 464 quia

255 471 295 508 in
315 471 490 520 proximo
509 474 566 506 est
585 476 709 506 aestas

255 524 344 562 ”sic
363 531 400 561 et
420 535 491 561 uos
510 534 601 560 cum
620 522 708 559 uide

257 577 336 615 ritis
356 577 451 615 haec
470 576 600 614 omnia
619 576 666 613 fie

258 631 290 668 ri
329 631 461 668 scitote
481 630 668 680 quoniam

255 685 296 722 in
316 684 492 734 proximo
511 690 568 722 est
586 684 625 720 in
645 683 682 721 ia

260 739 346 775 nuis

259 792 423 829 ³⁰Amen
435 791 520 829 dico
533 790 643 828 uobis
650 788 756 840 quod

259 858 340 883 non
360 845 514 882 transiet
532 855 629 893 gene

259 899 354 936 ratio
373 898 468 936 haec
489 897 620 936 omnia
639 896 670 934 is

260 959 299 990 ta
319 953 410 989 fiant

259 1005 454 1044 ³1Cae1um
473 1010 510 1042 et
529 1010 667 1041 terram

263 1060 479 1097 transibunt
498 1059 617 1095 uerba

260 1119 391 1151 autem
410 1124 497 1149 mea
516 1123 595 1149 non
615 1121 683 1160 pre

261 1167 428 1204 teribunt

260 1219 287 1240 ³²
295 1219 354 1257 De
374 1219 433 1256 die
453 1224 581 1255 autem
599 1216 664 1254 illa
682 1216 744 1254 uel

262 1273 356 1311 hora
375 1284 491 1309 nemo
511 1271 580 1308 seit
598 1282 647 1307 ne

262 1339 337 1377 que
358 1325 483 1375 angeli
502 1325 548 1362 de
568 1324 675 1362 caelo

262 1392 388 1430 neque
408 1380 505 1417 filius
525 1378 595 1415 nisi
613 1390 664 1427 pa

262 1441 318 1472 ter
463 1432 622 1469 ³³uidete

262 1488 392 1537 itaque
411 1486 592 1536 uigilitate
612 1491 651 1523 et

263 1547 370 1580 orate
389 1540 542 1579 nescitis
562 1546 671 1590 qua-

264 1669 329 1707 Do
348 1675 500 1718 tempus
519 1668 565 1706 sit

263 1723 404 1761 34Sicut
423 1723 542 1760 homo
561 1721 711 1771 pelegre

264 1777 457 1827 profectus
475 1782 532 1813 est
550 1775 616 1812 reli

263 1831 357 1881 quid
376 1831 538 1868 domum
557 1840 667 1866 suam

264 1892 302 1922 et
321 1885 417 1921 dans
437 1884 556 1920 seruis
575 1883 652 1919 suis

264 1943 492 1989 potestatem
512 1936 639 1973 unicui

264 2004 364 2042 quae
384 2003 482 2040 opus
502 2002 615 2027 suum
633 1996 670 2026 et

265 2046 413 2083 ianitori
432 2044 612 2094 precipiat
630 2050 673 2080 ut

265 2099 395 2148 uigilet

265 2153 467 2202 ³⁵Uigilate
485 2163 578 2200 ergo
598 2150 701 2188 nesci

265 2207 313 2245 tis
332 2207 434 2244 enim
453 2204 610 2255 quando
629 2216 677 2241 ue

265 2262 346 2299 niat
365 2260 451 2298 dr‘fis
470 2259 609 2297 domus
628 2269 712 2295 sero

266 2327 291 2353 a
309 2315 437 2352 media
455 2319 567 2351 nocte
587 2324 638 2349 an

267 2369 357 2418 galli
377 2374 492 2406 cantu
511 2379 534 2404 a
553 2377 666 2403 mane

266 2422 349 2459 ³⁶ne
369 2433 459 2459 curn
478 2420 623 2457 uenerit
642 2431 683 2456 re

267 2483 382 2526 pente
401 2475 568 2512 inueniat
587 2485 659 2511 uos

267 2529 499 2568 dormientes
517 2528 642 2565 ”ecce

267 2591 396 2622 autem
416 2581 527 2620 uobis
545 2581 632 2619 dico
650 2580 689 2617 ui

268 2638 380 2688 gilate
570 2633 765 2687 [futuru-

270 2700 376 2728 ΧΜΙΙ
391 2689 444 2727 14¹
465 2688 570 2726 Erat
585 2693 701 2726 aulem

268 2745 413 2795 pascha
431 2743 591 2781 biduum
611 2750 648 2781 et

268 2799 479 2849 querebant
499 2797 619 2846 princi

269 2854 330 2903 pis
351 2851 591 2890 sacerdotum
610 2857 648 2889 et

271 2906 416 2946 scribae
435 2904 633 2956 quomodo

784 307 886 345 Eum
906 307 995 345 dolo
1014 312 1176 344 tenere*

785 368 822 399 et
842 361 1059 399 occiderent
1096 358 1199 396 ²dice

785 415 982 453 bantenim
1002 426 1049 450 ne
1069 413 1108 449 in
1129 412 1189 450 die

785 469 882 506 festo
902 467 1089 505 tumultus
1108 467 1164 503 ori

785 529 887 559 retur
906 521 1036 570 populi

786 575 858 613 ³Et
877 587 966 613 cum
985 580 1084 612 esset
1103 573 1160 610 ihs
1179 571 1219 608 in
1233 573 1280 609 be

787 629 916 667 thania
935 629 973 665 in
994 628 1111 665 domo
1132 626 1163 663 si

788 683 913 720 monis
931 681 1071 730 leprosi
1091 680 1227 717 discu-

788 738 903 774 bente
923 735 986 772 illo
1025 734 1130 771 uenit

788 790 922 827 mulier
941 788 1088 825 habens
1108 786 1169 824 ala

788 845 958 881 bastrum
977 853 1133 890 unguen

789 898 816 935 ti
836 897 915 934 ardi
937 895 1067 944 spicati
1088 894 1210 943 pretio

791 951 821 989 si
841 957 877 987 et
897 950 1016 987 fracto
1038 949 1168 986 alabas

790 1012 849 1042 tro
870 1003 1003 1042 effudit
1024 1014 1138 1052 supra

791 1065 905 1106 caput
925 1058 1007 1094 eius

790 1113 802 1132 ⁴
810 1111 993 1160 Discipuli
1013 1115 1142 1147 autem
1161 1109 1242 1146 eius

974 1173 992 1193 e

791 1207 947 1255 indigne
968 1206 1117 1243 frebant

790 1261 961 1298 dicentes
981 1266 1022 1296 ut
1042 1258 1134 1308 quid

791 1314 954 1364 perditio
975 1313 1069 1350 haec
1089 1324 1143 1348 un

791 1368 922 1418 guenti
941 1367 1110 1416 ⁵poterat
1130 1365 1225 1403 eni*

792 1421 1006 1459 uenundari
1026 1432 1134 1468 ungu

792 1483 925 1513 entum
948 1475 1049 1511 istud
1074 1474 1161 1522 plus
1181 1479 1287 1522 qua-

792 1529 944 1566 dinariis
966 1528 1143 1565 trecentis

792 1590 830 1621 et
850 1583 930 1620 dari
949 1581 1182 1631 pauperibus

793 1668 844 1705 Et
863 1668 1075 1705 fremebant
1096 1666 1135 1703 in
1154 1673 1232 1703 ea·-

793 1721 880 1759 ⁶th
900 1734 992 1759 uero
1012 1721 1062 1758 ait
1081 1721 1150 1757 illis
1170 1719 1278 1757 sinite

794 1776 897 1813 illam
917 1775 1009 1825 quid
1029 1774 1063 1811 ei
1083 1774 1204 1811 moles

794 1831 821 1868 ti
840 1829 929 1867 estis
950 1830 1096 1866 bonum
1117 1839 1214 1876 opus

795 1891 951 1933 operata
971 1889 1027 1920 est
1046 1884 1085 1918 in
1105 1893 1167 1918 me
1187 1881 1280 1918 ⁷se‘

795 1949 865 1986 per
884 1937 987 1974 enim
1006 1935 1183 1985 pauperis
1203 1935 1252 1973 ha

794 1991 889 2028 betis
909 1990 1108 2027 uobiscum
1127 1995 1165 2025 et

795 2056 884 2082 eum
904 2044 1019 2081 uultis
1038 2042 1195 2092 potestis

795 2099 865 2136 illis
885 2099 982 2135 bene
1001 2097 1125 2134 facere
1145 2108 1207 2134 me

796 2157 923 2189 autem
943 2163 1021 2188 non
1043 2162 1192 2199 semper

796 2206 941 2243 habetis
961 2205 1086 2254 8quod
1107 2203 1237 2241 habuit

796 2260 891 2297 haec
911 2258 999 2296 fecit
1019 2258 1192 2307 preuenit

796 2319 993 2361 unguento
1012 2323 1183 2360 unguere

797 2379 936 2416 corpus
956 2378 1087 2402 meum
1106 2366 1145 2402 in
1165 2377 1205 2404 se

796 2422 990 2469 pulturam

796 2475 944 2511 ⁹Amen
963 2473 1050 2511 dico
1069 2472 1181 2510 uobis
1201 2472 1266 2509 ubi

797 2540 964 2577 cumque
983 2527 1213 2576 predicatu*

798 2582 908 2619 fuerit
927 2581 1172 2629 euangelium

797 2636 836 2672 in
856 2642 979 2673 totum
999 2634 1188 2671 mundum

798 2689 902 2739 quod
922 2688 1010 2726 fecit
1028 2688 1122 2725 haec
1142 2699 1212 2725 nar

798 2744 940 2781 rabitur
959 2743 998 2779 in
1017 2753 1147 2779 memo

797 2797 891 2834 riam
911 2797 1029 2845 ipsius

797 2851 881 2888 ¹⁰Et
893 2850 1001 2887 iudas
1015 2848 1181 2887 scarioht
1193 2861 1292 2887 unus

798 2905 845 2943 de
865 2904 1069 2942 duodecim
1089 2903 1180 2941 abiit

1656 170 1767 209 SEC
1793 168 2062 208 MARCUM

1347 260 1428 289 Fol.
1446 260 1525 288 184.

1349 303 1410 339 Ad
1430 300 1606 350 principis
1626 311 1732 337 sacer

1349 356 1482 392 dotum
1502 360 1543 391 ut
1562 354 1724 390 traderet

1349 420 1439 446 eum
1602 407 1627 427 ¹¹
1637 407 1685 443 ad
1706 405 1757 442 illi

1348 461 1468 510 gauisi
1488 468 1575 498 sunt
1597 467 1634 497 et
1652 459 1777 508 promi

1349 521 1478 552 serunt
1497 514 1531 551 ei
1551 514 1754 563 pecuniam

1350 569 1439 605 dare
1461 568 1527 605 sed
1547 574 1583 603 et
1603 578 1741 616 quaere

1349 623 1414 659 bat
1434 621 1631 671 quomodo
1652 620 1759 656 illum

1351 682 1539 725 oportune
1559 673 1725 710 traderet

1348 729 1432 766 ¹²Et
1451 729 1574 778 prima
1594 728 1653 765 die
1674 737 1810 775 azymo

1350 795 1435 820 rum
1455 781 1611 831 quando
1632 780 1776 830 pascha

1350 837 1588 874 inmolabant

1352 890 1496 927 Dicunt
1515 890 1549 926 ei
1569 887 1740 937 discipuli
1759 887 1826 924 ubi

1351 945 1410 981 uis
1430 955 1563 980 eamus
1582 949 1618 980 et
1638 953 1817 990 paremus

1352 998 1416 1035 tibi
1438 1004 1479 1034 ut
1498 996 1709 1033 manduces

1352 1051 1495 1100 pascha

1353 1105 1437 1141 ”Et
1457 1104 1558 1141 misit
1580 1104 1676 1140 duos
1692 1115 1739 1139 ex
1755 1101 1849 1140 disci

1355 1159 1454 1207 pulis
1475 1158 1550 1195 suis
1571 1157 1700 1194 dicens
1719 1157 1767 1193 ite

1353 1213 1393 1249 in
1413 1212 1605 1250 ciuitatem
1625 1217 1662 1248 et
1681 1222 1796 1247 occur

1354 1266 1401 1303 rit
1420 1266 1531 1303 uobis
1550 1264 1670 1302 homo
1691 1275 1761 1313 por

1355 1327 1440 1356 tans
1460 1320 1662 1367 lagoenam
1681 1329 1779 1367 aque

1355 1373 1556 1421 sequimini
1575 1384 1663 1409 eum
1684 1372 1797 1421 14quo

1357 1438 1523 1476 cumque
1544 1426 1728 1463 introierit

1357 1481 1449 1518 dnio
1469 1480 1608 1516 domus
1629 1479 1752 1528 magis

1357 1541 1412 1572 ter
1431 1534 1519 1571 dicit
1538 1534 1602 1570 ubi
1623 1540 1679 1570 est
1699 1532 1798 1570 resec

1358 1664 1523 1702 Torium
1543 1662 1607 1699 ubi
1626 1674 1716 1700 cum
1735 1662 1794 1699 dis

1359 1718 1493 1767 cipulis
1514 1717 1608 1754 meis
1627 1728 1720 1753 man

1359 1773 1498 1809 ducem
1518 1770 1662 1820 pascha
1698 1770 1769 1806 ¹⁵et
1787 1769 1826 1818 ip

1358 1838 1398 1863 se
1418 1826 1529 1862 uobis
1549 1824 1770 1861 demonstra

1358 1881 1412 1916 uit
1432 1885 1591 1916 stratum
1611 1889 1706 1926 gran

1359 1934 1406 1971 de
1427 1940 1604 1982 paratum
1622 1931 1696 1969 illic
1715 1942 1766 1981 pa

1359 1995 1439 2024 rate
1459 1986 1570 2024 nobis

1359 2041 1386 2061 ²⁶
1394 2041 1443 2078 Et
1463 2040 1663 2077 habierunt
1682 2038 1830 2086 discipu

1359 2095 1384 2131 li
1403 2095 1484 2131 eius
1505 2100 1542 2130 et
1560 2098 1747 2130 uenerunt

1358 2148 1397 2185 in
1418 2147 1608 2186 ciuitatem
1628 2153 1664 2183 et
1683 2145 1765 2183 fece

1359 2209 1445 2239 runt
1465 2201 1560 2239 sicut
1580 2200 1725 2237 dixerat

1359 2257 1430 2293 illis
1450 2262 1486 2292 et
1506 2260 1736 2304 parauerunt

1361 2309 1502 2359 pascha
1761 2303 1857 2358 [fac

1361 2363 1514 2399 XLIIH¹⁷
1539 2362 1690 2410 Uespere
1707 2365 1825 2397 aulem

1360 2424 1400 2454 to
1420 2417 1525 2453 uenit
1544 2428 1634 2453 cum
1654 2428 1707 2453 ΧΗ

1361 2471 1433 2508 ¹⁸et
1453 2469 1771 2508 discunbentibus

1361 2526 1414 2562 eis
1434 2532 1471 2562 et
1491 2523 1710 2560 manducan

1360 2580 1460 2616 tibus
1479 2578 1573 2615 dixit
1627 2588 1741 2614 amen

1361 2633 1447 2670 dico
1467 2631 1578 2669 uobis
1598 2630 1704 2680 quod

1360 2698 1460 2722 unus
1481 2698 1527 2723 ex
1548 2685 1661 2722 uobis
1680 2690 1738 2721 tra

1361 2740 1423 2777 det
1443 2750 1504 2775 me
1524 2739 1590 2787 qui
1608 2737 1754 2774 mandu

1361 2800 1419 2831 cet
1439 2804 1594 2830 mecum

1360 2847 1453 2884 ¹⁹111i
1472 2853 1601 2883 autern
1621 2851 1820 2895 coeperu*

1360 2901 1571 2940 contristari
1590 2906 1627 2937 et
1647 2900 1685 2937 di

2322 181 2371 216 93

1876 297 1974 335 Cere
1995 295 2133 344 singuli
2153 307 2247 331 num

1876 350 1970 400 quid
1988 361 2062 398 ego
2082 355 2120 387 et
2138 349 2232 386 alius
2252 354 2338 384 nu-

1877 404 1971 453 quid
1991 414 2064 452 ego
2275 399 2373 454 [duo

1877 458 1904 478 ²⁰
1913 457 2064 504 Quibus
2084 455 2134 493 ait
2154 467 2254 492 unus
2274 467 2322 492 ex

1877 511 2002 548 decim
2022 522 2074 559 qu
2092 510 2244 558 intingit

1878 576 2033 601 mecum
2053 574 2214 600 manum
2233 563 2272 600 in

1879 619 2005 655 catino

1879 671 1962 708 ²1Et
1982 670 2078 707 filius
2098 669 2256 718 quidem
2275 669 2327 707 ho

1880 725 1992 761 minis
2012 724 2118 761 uadit
2138 724 2235 761 sicut
2255 723 2357 772 scrip

1880 787 1963 815 tum
1982 784 2039 814 est
2059 777 2105 814 de
2125 777 2187 814 illo

1881 831 1964 869 Uae
1984 837 2113 868 autem
2132 829 2278 867 homini
2297 829 2322 866 il

1882 886 1906 923 li
1927 898 1993 934 per
2012 896 2129 933 quem
2149 884 2248 921 filius
2267 883 2320 921 ho

1881 939 1995 976 minis
2015 937 2181 976 tradetur
2200 938 2252 976 bo

1882 1005 1976 1030 num
1995 992 2046 1029 illi
2067 992 2095 1029 si
2117 1003 2197 1029 non
2217 996 2317 1028 esset

1882 1054 1994 1084 natus
2013 1046 2133 1084 homo
2149 1045 2210 1082 ille

1883 1101 1909 1121 ²²
1917 1101 1967 1137 Et
1986 1098 2306 1137 manducantibus

1883 1154 1955 1191 illis
1974 1153 2121 1202 accepit
2139 1164 2282 1201 panem

1883 1214 1920 1245 et
1939 1207 2122 1245 bedicens
2140 1205 2250 1255 fregit

1884 1268 1922 1299 et
1941 1260 2045 1298 dedit
2064 1260 2134 1297 illis
2153 1266 2190 1297 et
2209 1259 2304 1297 dixit

1885 1314 2046 1363 accipite
2067 1321 2104 1351 et
2122 1313 2220 1351 edite
2241 1312 2314 1350 hoc

1885 1375 1943 1406 est
1962 1379 2102 1416 corpus
2122 1378 2254 1404 meum

1886 1422 1972 1459 ²³Et
1991 1422 2142 1470 adcepit
2161 1421 2318 1458 calicem

1887 1483 1924 1514 et
1943 1475 2138 1513 benedixit
2158 1481 2195 1512 et
2214 1473 2318 1511 dedit

1887 1530 1940 1568 eis
1960 1536 1996 1567 et
2015 1530 2191 1566 biberunt
2209 1540 2259 1566 ex
2278 1539 2326 1565 eo

1889 1659 2037 1698 Omnes
2056 1658 2082 1679 ²⁴
2091 1663 2127 1695 et
2146 1657 2196 1695 ait
2215 1656 2285 1693 illis

1889 1714 1949 1750 hic
1969 1719 2025 1750 est
2045 1711 2200 1760 sanguis
2220 1722 2283 1748 me

1889 1779 1934 1804 us
1955 1767 2019 1816 qui
2038 1778 2108 1815 pro
2127 1764 2257 1802 multis
2276 1763 2317 1801 ef

1887 1821 2067 1858 fundetur

1889 1875 2049 1912 ²⁵Amen
2056 1873 2142 1910 dico
2154 1871 2265 1910 uobis
2279 1871 2385 1921 quod

1888 1929 1965 1966 iam
1985 1940 2064 1965 non
2084 1927 2215 1964 bibam
2234 1926 2281 1963 de
2300 1937 2349 1975 ge

1889 1982 2087 2020 neratione
2107 1980 2192 2017 uitis
2212 1992 2258 2017 us

1889 2048 1964 2085 que
1985 2036 2024 2072 in
2045 2035 2148 2071 diem
2166 2033 2274 2071 illum

1890 2102 1980 2127 cum
2000 2089 2131 2126 bibam
2150 2087 2243 2124 illud
2261 2098 2314 2124 no

1890 2155 1986 2180 uum
2006 2143 2045 2179 in
2063 2153 2184 2191 regno
2203 2141 2243 2179 di

1890 2197 1974 2234 2‘³Et
1993 2197 2137 2246 hymno
2157 2195 2261 2233 dicto
2280 2194 2365 2232 exie

1891 2258 1978 2288 runt
1998 2252 2037 2288 in
2058 2256 2231 2287 montem
2250 2248 2301 2286 oli

1890 2305 1966 2342 ueti
2311 2299 2386 2353 [om

1891 2359 2000 2395 XLU²⁷
2025 2357 2129 2395 Tunc
2147 2358 2203 2394 az'l
2219 2356 2296 2393 illis
2317 2355 2376 2392 z'hs

1892 2425 1960 2450 nes
1979 2424 2051 2450 uos
2072 2411 2290 2450 scandaliza

1891 2468 1922 2504 ri
1942 2466 2090 2503 habetis

1945 2520 2036 2569 quia
2054 2519 2238 2556 scribtum

1945 2580 2002 2611 est
2021 2572 2233 2623 percutiam

1944 2634 2138 2677 pastorem
2157 2631 2194 2663 et
2213 2625 2272 2662 dis

1943 2688 2147 2730 pargentur
2166 2690 2260 2716 oues

1889 2735 1916 2756 ²⁸
1926 2735 2003 2772 Sed
2022 2740 2230 2784 postquam
2249 2743 2355 2769 resur

1889 2800 2022 2827 rexero
2041 2787 2246 2838 precedam

1890 2855 1961 2881 uos
1981 2843 2021 2880 in
2040 2841 2215 2892 galileam

1889 2897 2061 2935 2⁹Petrus
2081 2908 2173 2935 uero
2192 2894 2286 2932 dixit
2306 2893 2356 2930 illi
