2504 3382
262 207 364 234 xxw.
386 191 540 243 37-xxv.
563 192 634 247 28.]
691 193 734 232 E
737 193 1103 234 UANGELIIJM
1133 197 1209 236 SE
1211 197 1244 236 C

263 284 344 314 Fol.
362 284 421 314 29.

264 325 352 364 Noe
371 326 422 363 ita
441 325 508 363 erit
529 331 565 363 et
584 325 708 363 aduen

263 386 324 417 tus
344 379 394 416 fili
413 379 580 417 hominis
600 380 730 418 ³⁸sicut

263 434 367 470 enirn
387 440 465 470 erat
486 433 525 470 in
545 434 679 471 diebus

261 487 330 524 illis
350 492 438 524 ante
459 487 652 524 delubiurn

262 540 538 579 manducantes
559 547 595 578 et
616 542 736 578 bibe·-

263 601 320 632 tes
339 601 376 631 et
395 606 534 632 uxores
554 595 737 633 ducentes

263 660 384 697 usque
405 649 443 685 in
468 661 555 686 eum
577 649 678 686 diem

261 714 339 751 quo
360 702 512 740 intrauit
532 715 605 740 noe
626 703 664 740 in
684 714 726 739 ar

262 767 348 793 cam
369 756 441 793 ³⁹et
460 768 539 793 non
560 768 737 805 cognoue

259 817 346 846 runt
366 810 490 847 donec
511 811 614 847 uenit
634 810 712 847 dilu

259 863 365 900 uium
386 870 422 900 et
442 863 522 900 tulit
540 875 677 901 omnes

261 917 313 954 ita
332 917 399 954 erit
419 924 456 954 et
475 918 664 955 aduentus
685 917 710 954 fi

258 970 284 1007 li
304 970 470 1008 hominis

258 1024 406 1062 ⁴⁰Tunc
416 1025 607 1063 duoerunt
615 1025 654 1062 in
662 1028 756 1073 agri-i

258 1089 360 1115 unus
379 1078 601 1115 adsumetur
620 1085 657 1116 et

259 1132 353 1169 alius
372 1132 605 1180 relinquetur

259 1184 371 1222 ⁴2duo
392 1185 431 1221 in
451 1185 552 1223 lecto
572 1198 670 1224 unus
689 1187 739 1225 ad

259 1245 431 1275 sumetur
450 1246 487 1276 et
506 1251 604 1277 unus
624 1253 667 1283 re,

258 1292 475 1340 linquentur

257 1346 286 1367 ⁴⁸
294 1345 458 1395 Uigilate
473 1358 565 1396 ergo
585 1347 674 1396 quia
689 1360 757 1386 nes

258 1400 340 1437 citis
360 1412 436 1448 qua
456 1400 516 1438 die
536 1401 621 1439 dms
641 1414 718 1440 uen

256 1459 365 1490 turus
385 1461 441 1491 est

257 1507 391 1544 “Illud
399 1515 525 1545 autem
535 1508 667 1546 scitote
675 1521 753 1558 quo

257 1561 361 1598 niam
381 1562 412 1599 si
431 1562 543 1600 sciret
561 1563 708 1612 paterfa

256 1732 385 1772 Milias
404 1746 480 1784 qua
498 1734 594 1773 hora
615 1735 674 1773 fur

255 1789 359 1826 uenit
379 1789 548 1837 uigilaret
567 1790 660 1839 utiq·

255 1848 292 1879 et
311 1854 389 1879 non
410 1844 546 1880 sineret
565 1844 674 1892 perso

255 1896 325 1933 diri
346 1896 506 1933 domum
527 1909 636 1934 suam

254 1950 376 1987 ⁴⁵ide0
397 1957 433 1987 et
452 1961 524 1987 uos
544 1958 662 1988 estote
682 1963 733 2000 pa

253 2004 324 2041 rati
345 2004 434 2053 quia
454 2005 608 2041 nescitis
630 2017 708 2054 qua

252 2057 349 2095 hora
369 2058 468 2095 filius
489 2057 658 2096 hominis

253 2119 436 2149 uenturus
456 2111 502 2149 sit

253 2165 282 2185 ⁴⁶
290 2165 480 2212 Quisnam
489 2172 545 2203 est
559 2165 680 2203 fidelis
693 2178 754 2204 ser

252 2231 323 2257 uus
343 2226 407 2256 aut
426 2219 596 2269 prudens
616 2227 723 2270 que*

253 2274 453 2311 constituit
472 2274 557 2311 dms
578 2285 623 2311 su

252 2339 319 2376 per
338 2327 520 2364 familiam
542 2340 652 2365 suam

251 2390 292 2419 ut
312 2381 375 2418 det
394 2381 466 2419 illis
486 2382 613 2419 cibum
634 2382 671 2418 in

252 2441 426 2483 ternpore
446 2436 616 2473 47beatus
636 2435 695 2472 ille

251 2500 385 2526 seruus
405 2501 521 2538 quem
541 2489 630 2526 ueni

250 2554 320 2579 ens
341 2543 425 2579 dr‘ns
445 2543 525 2580 eius
545 2543 674 2580 inueni

250 2603 288 2633 et
308 2596 359 2633 ita
378 2596 580 2634 facientem

248 2650 412 2687 ⁴⁸Amen
432 2650 519 2688 dico
538 2650 649 2688 uobis
668 2662 747 2700 quo

248 2704 355 2741 niam
376 2715 490 2753 super
509 2705 640 2742 omnia

248 2757 352 2795 bona
372 2769 442 2795 sua
461 2766 498 2796 et
518 2758 643 2796 consti

247 2812 317 2849 tuit
331 2824 423 2849 eum

247 2865 276 2886 ‘⁹
284 2864 324 2903 Si
336 2872 464 2903 autem
472 2865 607 2903 dixerit
620 2864 745 2904 malus

244 2918 308 2957 ille
328 2931 460 2957 seruus
478 2920 518 2956 in
536 2920 654 2957 corde

246 2984 318 3011 suo
333 2985 482 3011 moram
500 2973 586 3012 fecit
602 2974 688 3011 dms

797 325 911 364 Meus
930 327 1060 365 uenire
1081 327 1150 365 5⁰et
1171 328 1209 365 in

796 380 907 429 cipiet
926 387 1125 430 percutere
1145 388 1225 419 co-

795 445 926 471 seruos
947 446 1037 472 suos
1056 436 1202 472 mandu

794 495 852 525 cet
871 495 997 525 autern
1018 495 1055 525 et
1075 489 1179 526 bibat

793 553 882 579 cum
903 542 1062 579 ebriosis
1131 541 1254 579 ⁵¹ueni

794 602 830 633 et
850 594 935 632 dms
956 596 1054 633 serui
1074 596 1170 633 illius
1191 596 1230 632 in

794 648 854 685 die
875 661 950 698 qua
970 661 1048 686 non
1068 656 1194 698 sperat
1217 656 1254 686 et

793 702 889 739 hora
908 715 984 751 qua
1003 703 1151 751 ignorat
1170 703 1242 740 ⁵²et

794 756 938 793 diuidet
957 768 1045 793 eum
1065 764 1213 805 partem

792 821 867 858 que
888 809 967 847 eius
987 822 1073 847 curn
1095 809 1217 859 hypro

790 863 891 900 critis
910 876 1035 912 ponec
1056 864 1129 901 illic
1149 864 1218 901 erit

791 916 900 954 fletus
919 924 956 954 et
976 917 1114 955 stridor
1133 917 1208 954 den

788 971 883 1007 tium
1120 969 1290 1023 [aestima

789 1033 937 1060 LXUIIH
952 1031 989 1061 25
1008 1024 1020 1045 ¹
1032 1024 1135 1062 Tunc
1153 1026 1272 1062 simile

790 1079 890 1115 bitur
910 1090 1070 1127 regnum
1091 1078 1196 1116 caelo

791 1143 877 1167 rum
933 1131 1068 1168 decem
1088 1132 1225 1181 uirgini

791 1185 861 1221 bus
881 1196 955 1233 que
976 1185 1211 1234 adceperunt

791 1238 988 1286 lampades
1008 1250 1096 1275 suas
1116 1246 1151 1276 et
1171 1251 1240 1288 pro

791 1292 939 1329 dierunt
959 1299 996 1329 et
1015 1300 1203 1329 uenerunt

791 1346 948 1383 obuiam
969 1357 1112 1395 sponso
1135 1352 1172 1383 et

790 1411 955 1448 sponsae
973 1399 1162 1448 2quinque
1182 1411 1230 1437 au

789 1459 865 1490 tem
886 1465 933 1490 ex
955 1453 1008 1490 eis
1026 1460 1133 1491 erant
1151 1454 1276 1491 fatuae

788 1513 824 1544 et
844 1507 1014 1556 quinque
1035 1507 1184 1556 pruden

789 1566 845 1598 tes
865 1560 1008 1598 ³fatuae
1028 1573 1119 1610 ergo
1138 1573 1259 1611 accep

790 1733 861 1772 Tis
880 1733 1121 1783 lampadibus
1142 1734 1220 1772 suis

789 1800 868 1826 non
889 1795 1132 1837 sumpserunt
1151 1788 1211 1826 ole

789 1853 854 1879 um
875 1853 1005 1879 secum
1196 1870 1198 1872 .

789 1895 1020 1933 4Prudentes
1039 1907 1132 1933 uero
1153 1907 1244 1933 acce

788 1956 925 1999 perunt
945 1949 1073 1987 oleum
1093 1949 1133 1985 in
1152 1961 1202 1986 ua

789 2003 840 2040 sis
860 2003 937 2041 suis
957 2015 1045 2041 cum
1065 2002 1233 2053 lampadi

787 2058 861 2094 bus

789 2110 922 2148 ⁵Mora
940 2116 1067 2148 autem
1087 2122 1231 2160 sponso

789 2165 992 2202 facientem
1048 2164 1213 2202 dormita

787 2225 924 2256 uerunt
944 2230 1081 2256 omnes
1100 2224 1137 2256 et
1157 2218 1227 2256 dor

786 2273 949 2310 mierunt

785 2326 939 2364 ⁶Media
959 2332 1084 2363 autem
1104 2332 1218 2363 nocte

787 2381 932 2418 clamor
951 2380 1073 2418 factus
1093 2385 1150 2417 est

783 2440 821 2471 et
841 2447 932 2472 ecce
952 2445 1114 2483 sponsus
1133 2433 1239 2471 uenit

783 2489 924 2537 surgite
943 2488 1100 2525 obuiam
1121 2487 1155 2525 ei

783 2542 894 2580 ''tunc
914 2547 1157 2579 surrexerunt

782 2608 920 2633 omnes
936 2596 996 2633 ille
1017 2595 1175 2643 uirginis

779 2657 816 2687 et
840 2656 1071 2687 ornauerunt
1091 2649 1169 2686 lam

782 2703 901 2752 pades
922 2715 1011 2741 suas

780 2757 943 2794 ⁸Fatuae
964 2764 1091 2794 autem
1111 2756 1243 2805 sapien

780 2812 882 2849 tibus
901 2811 1080 2848 dixerunt
1108 2810 1195 2848 date

780 2865 890 2902 nobis
910 2865 956 2902 de
976 2864 1063 2902 oleo
1082 2871 1210 2902 uestro

780 2919 846 2969 qui
865 2919 1061 2968 lampades
1081 2925 1232 2957 nostras

779 2973 1026 3022 extinguntur

1725 196 1812 236 MA
1824 198 2034 238 TTEUM

1359 284 1441 315 Pol.
1458 285 1517 315 30.

1358 327 1680 376 ⁹Resp0nderunt
1699 328 1853 377 prude*

1357 386 1415 418 tes
1435 381 1603 419 dicentes
1624 394 1672 419 ne
1692 382 1788 420 sorte

1357 446 1436 472 non
1457 435 1604 472 suficiat
1624 436 1736 473 nobis
1755 443 1793 473 et

1357 488 1468 525 uobis
1506 489 1572 525 sed
1593 489 1640 525 ite
1661 490 1786 538 potius

1356 541 1405 578 ad
1424 542 1635 580 uendentes
1655 549 1690 580 et
1711 544 1786 580 emi

1357 601 1392 632 te
1412 595 1522 632 uobis

1560 651 1597 678 nt

1355 691 1494 728 ¹⁰Dum
1508 703 1597 728 eum
1610 703 1737 729 emere
1749 693 1854 731 uenit

1355 756 1520 794 sponsus
1539 751 1576 782 et
1595 757 1694 794 quae
1713 753 1842 795 parate

1354 804 1463 836 erant
1482 799 1718 836 intrauerunt

1355 864 1442 889 cum
1462 864 1509 890 eo
1528 853 1567 889 in
1586 855 1736 902 nuptias
1757 859 1793 890 et

1354 905 1484 943 clausa
1503 913 1560 944 est
1579 907 1694 944 ianua
1712 906 1798 945 uno

1355 960 1531 996 uissimae
1552 968 1678 997 autem
1698 973 1746 998 ue

1356 1020 1491 1050 nerunt
1511 1014 1652 1063 relique
1673 1015 1767 1063 uirgi

1357 1066 1415 1103 nis
1436 1067 1605 1105 dicentes
1626 1067 1700 1106 dfie
1720 1069 1795 1106 dne

1356 1120 1459 1168 aperi
1478 1121 1589 1158 nobis

1356 1173 1452 1211 ¹²Ad
1471 1174 1531 1211 ille
1551 1175 1786 1224 respondens
1802 1176 1853 1213 ait

1356 1239 1468 1264 amen
1488 1227 1574 1265 dico
1594 1229 1704 1266 uobis
1723 1241 1792 1266 nes

1356 1281 1416 1318 cio
1436 1293 1506 1318 uos
1526 1281 1710 1330 ¹³uigilate
1733 1283 1822 1333 itaq·

1356 1334 1446 1383 quia
1467 1336 1618 1372 nescitis
1640 1337 1741 1374 diem

1356 1400 1482 1437 neque
1503 1388 1639 1426 horam

1356 1440 1381 1461 ¹⁴
1390 1441 1495 1479 Sicut
1510 1443 1613 1479 enim
1633 1442 1752 1480 homo
1767 1443 1854 1493 pele

1354 1506 1421 1543 gre
1441 1496 1630 1545 profectus
1649 1508 1748 1534 uoca

1357 1549 1410 1586 uit
1430 1561 1561 1587 seruus
1582 1562 1672 1587 suus
1692 1557 1730 1587 et
1750 1557 1809 1588 tra

1355 1602 1448 1640 didit
1468 1603 1539 1641 illis
1560 1604 1664 1641 bona
1684 1616 1754 1642 sua

1355 1732 1439 1770 ¹⁵Et
1458 1733 1524 1770 uni
1544 1733 1702 1782 quidem
1722 1733 1826 1773 dedit

1355 1787 1524 1837 quinque
1545 1787 1684 1825 talenta
1703 1788 1764 1825 alii

1355 1848 1481 1878 autem
1502 1841 1580 1878 duo
1600 1841 1659 1878 alii
1680 1853 1773 1879 uero

1355 1906 1473 1931 unum
1494 1895 1699 1944 unicuique
1721 1907 1760 1933 se

1354 1948 1524 1985 cundum
1544 1949 1738 1998 propriam

1355 2003 1532 2039 uirtutem
1553 2002 1743 2052 profectus

1354 2062 1412 2093 est

1354 2109 1379 2129 ¹⁶
1389 2109 1584 2148 Continuo
1605 2116 1731 2147 autem
1753 2109 1819 2160 qui

1354 2164 1522 2213 quinque
1542 2163 1682 2201 talenta
1701 2163 1750 2200 ad

1351 2224 1505 2267 ceperat
1587 2224 1624 2255 et
1643 2224 1823 2266 operatus

1351 2279 1407 2308 est
1426 2272 1465 2308 in
1484 2271 1538 2308 eis
1557 2271 1631 2308 alia
1650 2272 1822 2321 quinque

1351 2324 1422 2362 ¹⁷et
1443 2325 1612 2362 similiter
1632 2325 1697 2374 qui
1717 2326 1794 2362 duo

1350 2379 1501 2428 adcepit
1519 2379 1682 2416 lucratus
1702 2386 1758 2416 est

1349 2433 1388 2468 in
1409 2433 1463 2470 eis
1482 2433 1555 2470 alia
1575 2433 1651 2470 duo

1349 2486 1374 2506 ¹⁸
1383 2486 1462 2533 Qui
1474 2494 1601 2525 autem
1614 2498 1733 2524 unum
1742 2486 1847 2524 tale-

1349 2546 1430 2577 tum
1451 2540 1603 2590 adcepit
1622 2540 1717 2577 fodit
1737 2547 1775 2578 et

1348 2595 1549 2632 abscondit
1568 2594 1762 2644 pecunia·-

1349 2648 1414 2684 dni
1435 2649 1491 2685 sui

1349 2701 1476 2738 ¹⁹Post
1495 2700 1655 2738 multum
1669 2713 1760 2739 uero
1775 2706 1841 2738 te*

1347 2767 1418 2805 pus
1437 2755 1541 2792 uenit
1560 2755 1645 2792 dms
1665 2767 1776 2792 seruo

1346 2821 1432 2846 rum
1453 2809 1604 2847 illorum
1623 2816 1660 2846 et
1679 2808 1807 2858 posuit

1346 2864 1531 2900 rationem
1551 2874 1639 2900 cum
1659 2863 1712 2900 eis

1344 2916 1415 2954 2⁰et
1434 2916 1626 2955 adcedens
1646 2917 1710 2966 qui
1730 2917 1824 2966 quin

1345 2983 1421 3021 que
1441 2970 1582 3008 talenta
1601 2970 1802 3020 adceperat

1887 329 2036 378 Optulit
2055 329 2128 367 alia
2146 330 2278 381 quinq·

1886 383 2026 420 talenta
2045 383 2175 421 dicens
2195 385 2270 422 dne

1887 437 2056 486 quinque
2077 437 2220 475 talenta
2238 439 2293 475 mi

1887 490 1925 526 hi
1947 491 2128 528 tradidisti
2147 504 2237 530 ecce
2258 504 2282 529 a

1888 543 1937 580 lia
1957 545 2124 594 quinque
2145 557 2260 595 super

1887 597 2052 635 lucratus
2071 611 2154 635 sum
2307 597 2385 653 [ser

1887 648 1987 688 21Αἰῑ
2012 652 2061 688 illi
2082 652 2167 689 dr‘ns
2187 653 2266 691 eius
2286 666 2383 703 euge

1888 704 1936 742 be
1958 705 2082 742 bonae
2101 713 2138 742 et
2158 707 2279 744 fidelis
2299 720 2343 745 su

1887 770 1956 806 per
1974 758 2092 796 multa
2111 766 2146 796 te
2167 762 2358 798 constitua

1886 812 1985 848 intra
2004 812 2044 848 in
2064 812 2247 861 gaudium
2267 814 2346 851 dmi

1884 865 1937 902 tui

1885 917 2086 956 ”Accessit
2097 926 2223 957 autern
2236 921 2384 971 quiduo

1887 972 2027 1010 talenta
2047 973 2251 1022 adceperat

1888 1033 1925 1063 et
1944 1026 1995 1063 ait
2015 1027 2102 1065 dme
2122 1027 2198 1064 duo
2218 1028 2359 1067 talenta

1888 1080 2075 1117 tradidisti
2095 1081 2185 1118 mihi
2207 1094 2298 1120 ecce

1887 1133 1960 1170 alia
1984 1133 2061 1172 duo
2081 1134 2246 1173 lucratus

1887 1199 1972 1223 sum

1886 1239 1969 1277 ²³Et
1983 1241 2033 1277 ait
2045 1241 2190 1279 illidfiis
2199 1242 2383 1293 eiuseuge

1888 1295 1998 1332 serbe
2018 1295 2118 1332 bone
2139 1295 2259 1333 fidelis

1887 1348 1977 1397 quia
1996 1360 2110 1396 super
2131 1361 2254 1398 pauca
2273 1349 2314 1386 fu

1886 1402 1947 1438 isti
1967 1401 2089 1439 fidelis
2109 1414 2222 1451 super
2241 1403 2320 1441 mul

1887 1461 1926 1492 ta
1946 1462 1982 1492 te
2002 1456 2231 1493 constituam
2252 1457 2291 1494 in

1887 1515 1945 1546 tra
1964 1509 2003 1546 in
2021 1509 2205 1559 gaudium
2225 1510 2291 1548 dfii

1888 1563 1943 1600 tui

1884 1733 2119 1773 ²⁴Aceedens
2132 1742 2257 1774 autem
2269 1742 2306 1775 et
2319 1737 2383 1788 qui

1887 1800 2007 1826 unum
2026 1789 2207 1827 talentum
2227 1791 2276 1828 ad

1887 1850 2040 1891 ceperat
2059 1843 2108 1880 ait
2130 1845 2217 1881 dffie
2238 1845 2318 1882 scio

1886 1897 1976 1945 quia
1996 1895 2115 1934 horno
2135 1898 2251 1935 durus
2271 1905 2329 1936 est

1886 1950 1998 1987 metis
2017 1951 2082 1987 ubi
2103 1962 2181 1988 non
2202 1952 2298 1989 semi

1886 2004 1984 2041 nasti
2007 2010 2044 2042 et
2065 2016 2307 2053 congregans

1885 2057 1990 2106 quod
2011 2069 2089 2094 non
2110 2059 2279 2107 sparsisti
2298 2058 2371 2097 ²⁵et

1883 2113 2023 2148 timens
2042 2112 2118 2149 abii
2136 2119 2173 2149 et
2192 2113 2338 2151 abscon

1884 2164 1922 2201 di
1942 2164 2126 2202 talentum
2147 2173 2256 2203 tuum

1883 2218 1922 2254 in
1942 2224 2081 2256 terram
2101 2231 2190 2257 ecce
2211 2220 2328 2257 habes

1882 2283 1959 2320 quo
1978 2279 2084 2309 tuum
2104 2280 2161 2310 est
2274 2271 2380 2325 [dffis

1882 2326 2177 2374 ²⁵Respondens
2197 2334 2327 2364 autem

1881 2380 1961 2417 eius
1981 2380 2073 2417 dixit
2093 2381 2127 2417 ei
2148 2392 2257 2418 serue
2277 2393 2325 2419 ne

1881 2445 1998 2482 quam
2019 2440 2055 2470 et
2075 2434 2182 2483 piger
2202 2435 2352 2472 sciebas

1880 2487 1984 2536 quod
2004 2494 2107 2525 meto
2126 2488 2190 2524 ubi
2209 2500 2289 2525 non

1881 2541 2017 2578 semito
2036 2548 2072 2578 et
2093 2553 2291 2591 congrego

1879 2594 1945 2631 ubi
1965 2607 2045 2632 non
2065 2596 2184 2643 sparsi

1879 2647 2096 2697 2⁷Op0rtuit
2115 2660 2208 2698 ergo
2227 2654 2264 2685 te
2284 2654 2342 2686 tra

1879 2701 1968 2739 dere
1988 2703 2191 2751 pecuniam
2211 2713 2340 2739 meam

1879 2755 2143 2794 nummulariis
2164 2762 2201 2793 et
2220 2768 2295 2804 ego

1877 2809 2035 2847 ueniens
2054 2810 2276 2859 recipissem

1877 2863 1981 2912 quod
2001 2875 2129 2901 meum
2149 2870 2208 2901 est

1874 2914 2053 2955 2³T011ite
2071 2918 2195 2967 itaque
2211 2917 2260 2954 ab
2275 2928 2322 2954 eo
2337 2923 2375 2954 ta

1875 2970 2024 3010 lentum
2044 2977 2081 3009 et
2102 2971 2187 3009 date
2208 2971 2242 3008 ei
2263 2971 2328 3019 qui
