2504 3382
295 214 372 239 xiv.
395 213 521 237 20-xv.
545 196 616 250 26.]
671 196 1080 235 EUANGELIUM
1111 195 1219 234 SEC

297 287 378 316 Fol.
397 287 431 315 9.

298 329 521 366 Mentorum
542 325 668 364 duode

298 382 372 419 cim
394 380 541 418 cofinos
561 380 696 429 plenos

298 434 645 471 ²¹manducantium
667 445 715 470 au

298 494 377 526 tem
396 487 464 524 fuit
483 499 664 524 numerus

298 542 468 591 quinque
490 541 592 577 milia
612 541 769 577 uiroru-

299 595 471 643 exceptis
490 595 617 644 pueris
636 601 673 631 et
692 606 758 630 mu

297 648 451 685 lieribus

299 702 383 739 ²²Et
402 702 527 738 statIm
546 701 602 738 ihs
619 700 723 738 iussit
739 700 796 738 dis

299 755 445 804 cipulus
465 767 554 792 suos
575 754 738 792 ascende

301 821 341 846 re
362 809 399 845 in
420 808 636 845 nauiculam
657 814 694 844 et

301 862 526 911 praecedere
547 868 650 898 trans
670 861 706 897 se

300 922 382 953 tum
402 916 525 952 donec
544 915 624 964 ipse
645 914 753 951 dimit

302 975 396 1006 teret
417 970 548 1005 turbas

301 1022 385 1059 ²³Et
409 1022 550 1059 dimisit
573 1021 681 1058 turba
702 1026 738 1057 et
758 1032 799 1057 as

301 1075 428 1114 cendit
446 1076 484 1111 in
506 1081 677 1113 montem

302 1129 404 1166 solus
425 1141 534 1165 orare

303 1192 416 1219 XLIII·
425 1179 801 1229 Uespereaufemfaclo

301 1236 404 1274 solus
421 1241 500 1274 erat
516 1235 568 1271 ibi
623 1233 800 1270 ²⁴nauicu

301 1289 337 1327 la
357 1296 486 1327 autem
505 1288 581 1325 iam
602 1287 641 1323 in
661 1299 723 1323 me

303 1343 366 1381 dio
387 1343 481 1380 mari
501 1342 710 1379 iactabatur

302 1409 324 1434 a
344 1397 522 1435 fluctibus
543 1401 623 1432 erat
641 1394 744 1431 enirn

301 1450 373 1489 illis
392 1457 528 1489 uentus
549 1454 683 1486 contra

301 1504 377 1541 rius

302 1555 487 1604 ²⁵Qiarta
506 1552 633 1594 autem
652 1554 778 1604 uigilia

304 1684 440 1724 Noctis
460 1683 564 1721 uenit
584 1682 632 1720 ad
652 1694 718 1720 eos

303 1739 361 1776 ihs
382 1738 582 1775 ambulans
603 1748 718 1785 supra

304 1804 409 1829 mare

303 1845 524 1882 ²⁶Uidentes
544 1850 672 1881 autem
692 1842 784 1880 illu-

304 1911 418 1948 supra
438 1911 543 1935 mare
563 1898 680 1934 ambu

304 1953 446 1990 lantem
466 1952 604 1988 turbati
625 1957 713 1988 sunt

304 2006 474 2044 dicentes
494 2006 584 2054 quia
603 2004 707 2053 phan

305 2067 429 2098 tasma
448 2067 504 2096 est
523 2065 560 2095 et
579 2070 668 2107 prae
690 2058 718 2095 ti

305 2126 412 2151 more
432 2113 692 2150 clamauerunt

304 2168 377 2206 ²⁷et
397 2167 524 2204 statim
545 2166 601 2203 ihs
622 2165 771 2203 locutus

306 2228 363 2260 est
383 2221 436 2259 eis
458 2220 588 2257 dicens
608 2231 703 2257 cons

307 2281 430 2313 tantes
452 2280 572 2311 estote
593 2273 709 2310 nolite

307 2330 438 2366 timere
459 2339 532 2376 ego
553 2339 639 2364 sum

307 2380 598 2430 ²⁸Respondens
617 2386 745 2417 autem

307 2436 341 2474 ei
362 2442 490 2484 petrus
511 2434 606 2471 dixit
625 2434 699 2471 dne
720 2432 751 2470 si

308 2496 349 2526 tu
368 2500 408 2526 es
429 2488 515 2525 iube
535 2500 597 2524 me
617 2487 748 2524 uenire

308 2542 358 2580 ad
378 2548 413 2579 te
435 2553 547 2590 super
568 2552 708 2589 aquam

307 2595 393 2633 ²⁹ad
413 2596 493 2644 ipse
514 2595 565 2632 ait
584 2594 671 2630 ueni
687 2599 722 2631 et
739 2592 806 2631 des

307 2649 476 2688 cendens
496 2654 622 2697 petrus
643 2647 690 2685 de

309 2702 484 2741 nauicula
504 2701 659 2739 ambula

308 2758 373 2794 bat
393 2768 507 2805 super
526 2766 667 2804 aquam
687 2761 727 2792 ut

307 2811 455 2847 ueniret
475 2809 523 2847 ad
542 2809 620 2846 ihm

308 2864 492 2901 ⁸⁰Uidens
511 2875 603 2901 uero
622 2868 768 2900 uentu-

310 2917 479 2956 ualidum
498 2916 621 2955 timuit
639 2923 677 2954 et

828 325 929 364 Cum
949 325 1139 374 coepisset
1158 336 1240 362 mer

828 380 866 429 gi
887 380 1064 417 clamauit
1083 379 1215 416 dicens

830 434 904 470 dne
925 433 1072 470 saluum
1091 444 1153 469 me
1172 431 1230 469 fac

829 487 913 524 ³¹Et
928 486 1112 524 continuo
1131 485 1189 522 ihs
1208 490 1322 521 exte*

830 540 925 578 dens
946 551 1101 576 manum
1123 538 1239 587 adpre

830 593 961 630 hendit
979 604 1067 630 eum
1089 598 1125 629 et
1146 593 1195 629 ait
1214 591 1264 628 illi

830 647 1005 684 modicae
1025 645 1112 683 fidei
1132 657 1250 694 quare

831 699 1007 737 dubitasti

831 754 915 790 ⁸²Et
934 765 1021 790 cum
1042 751 1273 789 ascendisset

831 808 870 844 in
890 805 1105 843 nauiculam
1125 817 1234 842 cessa

831 861 886 898 uit
905 866 1043 897 uentus
1063 858 1163 908 ³³qui
1184 865 1310 896 autem

832 914 871 951 in
891 913 1066 951 nauicula
1086 918 1192 949 erant

832 973 1018 1005 uenerunt
1038 973 1074 1003 et
1094 965 1212 1003 adora

833 1027 970 1058 uerunt
988 1032 1076 1057 eum
1098 1019 1208 1056 dicen

833 1081 888 1111 tes
908 1085 998 1110 uere
1020 1073 1115 1109 filius
1134 1072 1173 1109 di
1194 1078 1250 1109 est

836 1127 989 1163 ΧΠΙΜ34
1001 1126 1059 1163 Et
1069 1138 1149 1163 cum
1165 1125 1331 1175 lranssre

835 1186 949 1217 tasset
970 1185 1154 1216 uenerunt
1174 1179 1212 1216 in

835 1240 973 1270 terram
994 1244 1181 1281 gennesar

835 1287 907 1324 ³⁵et
927 1298 1013 1324 cum
1034 1286 1220 1334 cognouis

835 1346 920 1378 sent
940 1352 1028 1377 eum
1049 1340 1118 1376 uiri
1138 1339 1209 1376 loci
1230 1338 1254 1375 il

835 1394 908 1431 lius
928 1393 1141 1431 adorabant
1159 1404 1248 1429 eum

835 1454 872 1485 et
891 1448 1076 1485 miserunt
1096 1447 1134 1483 in
1153 1446 1219 1483 uni

836 1513 987 1538 uersam
1006 1500 1202 1548 regionem

834 1555 937 1592 illam
956 1560 993 1592 et
1012 1553 1232 1603 optulerunt

833 1682 880 1720 Ei
899 1693 1036 1719 omnes
1055 1680 1154 1718 male
1175 1680 1301 1717 habe-

834 1743 891 1773 tes
911 1735 983 1772 ⁸⁶et
1003 1736 1192 1784 rogabant
1211 1745 1300 1771 eum

834 1795 876 1827 ut
894 1789 956 1826 uel
975 1789 1151 1826 finbriam
1172 1788 1267 1825 uesti

834 1843 953 1880 menti
972 1843 1051 1879 eius
1070 1848 1243 1890 tangeret

834 1903 872 1934 et
893 1897 1126 1946 quicumque
1146 1896 1260 1944 tetige

834 1957 922 1988 runt
942 1950 1034 1987 salbi
1055 1949 1142 1986 facti
1163 1956 1251 1985 sunt

836 2014 911 2040 ΧΠ]
918 2009 956 2039 15
965 2004 976 2023 ¹
987 2003 1090 2040 Tunc
1104 2003 1336 2039 adcesserunt

1269 2053 1338 2108 [ad

835 2117 1030 2149 cesserunt
1050 2109 1098 2148 ad
1117 2122 1204 2147 eum
1226 2110 1299 2147 scri

835 2166 907 2202 bae
927 2171 964 2201 et
988 2164 1152 2213 pharisei
1176 2165 1225 2201 ab
1248 2163 1310 2200 hie

837 2219 1039 2267 rosolymis
1059 2218 1226 2254 dicentes

837 2271 974 2321 ²quare
995 2271 1168 2320 discipuli
1187 2270 1240 2308 tui

837 2325 1162 2374 transgrediuntur
1181 2331 1239 2361 tra

838 2379 1020 2417 ditionem
1041 2379 1234 2416 seniorum

838 2445 918 2471 non
938 2433 1041 2470 enirn
1056 2432 1183 2469 lauant
1203 2443 1267 2468 ma

838 2498 909 2524 nus
929 2498 1017 2524 suas
1037 2498 1126 2523 cum
1145 2485 1290 2522 mandu

838 2546 928 2578 cant
947 2552 1089 2589 panem

836 2593 923 2631 ³1hs
939 2600 1066 2631 autem
1088 2591 1284 2642 respondit
1299 2591 1337 2629 di

839 2648 892 2685 xit
911 2647 980 2685 illis
1001 2659 1116 2696 quare
1137 2653 1174 2683 et
1193 2657 1265 2683 uos

838 2701 1145 2750 transgredimini
1165 2706 1257 2736 ma*

840 2755 972 2792 datum
992 2753 1031 2791 di
1051 2760 1205 2803 propter
1226 2759 1284 2790 tra

841 2809 1025 2846 ditionem
1045 2816 1211 2844 uestram

840 2863 952 2900 ⁴nam
974 2861 1066 2898 dixit
1085 2860 1131 2898 ds
1151 2861 1256 2898 hono

893 2928 934 2953 ra
952 2921 1099 2965 patrem
1120 2921 1227 2951 tuum

895 2976 932 3008 et
951 2975 1110 3007 matrem
1130 2974 1236 3006 tuam

1741 194 1827 231 MA
1840 195 1878 231 T
1878 195 1916 232 T
1909 195 1952 232 E
1955 194 2048 233 UM
2397 205 2418 242 5

1393 281 1474 310 Pol.
1489 281 1545 311 10.

1445 323 1495 360 Et
1515 322 1580 372 qui
1599 321 1836 360 maledixerit

1447 378 1543 426 patri
1564 376 1624 413 uel
1644 375 1755 413 matri
1774 388 1862 413 mor

1448 436 1484 467 te
1505 430 1685 466 moriatur

1392 482 1497 520 ⁵Uos
1517 490 1646 520 autern
1667 482 1788 519 dicitis
1808 483 1873 531 qui

1394 548 1561 584 cumque
1582 536 1715 572 dixerit
1736 537 1831 584 patri

1394 589 1455 626 uel
1476 589 1585 626 matri
1605 601 1743 625 munus
1765 589 1869 638 quod

1395 655 1561 691 cumque
1582 650 1636 679 est
1657 654 1703 679 ex
1725 654 1785 679 me
1807 643 1833 678 ti

1395 697 1432 733 bi
1453 696 1642 744 prodeerit
1661 695 1760 732 6non
1779 695 1830 734 ho

1396 749 1608 787 norificauit
1628 755 1776 797 patrem

1396 815 1508 840 suum
1529 809 1593 839 aut
1613 808 1774 839 matrem

1396 863 1432 894 et
1453 857 1605 894 inritum
1626 856 1763 893 fecistis
1783 855 1822 891 in

1397 911 1558 947 uerbum
1578 909 1617 946 di
1638 916 1793 958 propter
1813 915 1869 946 tra

1397 963 1580 1001 ditionem
1600 970 1768 1000 uestram

1396 1016 1631 1067 ''Hyprocite
1652 1017 1749 1053 bene
1769 1015 1876 1064 profe

1735 1078 1753 1099 e

1398 1113 1490 1150 tauit
1509 1112 1556 1150 de
1576 1112 1688 1150 uobis
1708 1113 1805 1150 esias

1399 1167 1529 1204 dicens

1452 1219 1578 1268 ³plebs
1599 1219 1694 1256 haec
1715 1230 1776 1255 me
1797 1218 1833 1256 la

1452 1273 1522 1310 biis
1543 1272 1705 1309 honorat
1725 1284 1791 1309 cor

1452 1334 1580 1363 autem
1601 1326 1751 1363 illorum

1452 1379 1567 1428 longe
1588 1387 1643 1416 est
1663 1392 1685 1416 a
1705 1391 1766 1416 me
1786 1379 1837 1416 ⁹si

1452 1445 1501 1471 ne
1521 1445 1635 1470 causa
1655 1440 1783 1470 autem

1453 1487 1585 1525 colunt
1606 1499 1667 1523 me
1689 1486 1812 1523 docen

1455 1547 1510 1578 tes
1531 1540 1721 1578 doctrinas
1742 1546 1778 1576 et

1455 1593 1635 1631 mandata
1654 1593 1759 1631 homi

1401 1679 1506 1717 Num

1399 1734 1483 1771 1⁰Et
1504 1733 1728 1771 conuocatis
1747 1732 1796 1770 ad
1816 1744 1855 1770 se

1400 1788 1517 1825 turbis
1538 1787 1631 1824 dixit
1651 1787 1704 1823 eis
1725 1787 1813 1823 audi

1400 1848 1436 1879 te
1457 1847 1494 1878 et
1514 1840 1718 1889 intellegite
1737 1839 1762 1860 ¹¹
1771 1852 1852 1877 non

1401 1894 1507 1944 quod
1527 1895 1677 1931 intrauit
1697 1894 1734 1930 in
1754 1905 1798 1930 os

1401 1948 1622 1997 coinquinat
1642 1947 1827 1984 homine-

1402 2002 1468 2039 sed
1489 2000 1594 2051 quod
1614 2000 1793 2050 procedet

1401 2055 1449 2093 de
1468 2067 1533 2093 ore
1553 2054 1627 2092 hoc
1647 2054 1802 2104 coinqui

1401 2115 1466 2146 nat
1485 2108 1682 2145 hominem

1402 2162 1551 2199 12Tune
1571 2160 1800 2199 adcedentes
1823 2159 1881 2198 dis

1403 2216 1516 2265 cipuli
1537 2216 1618 2252 eius
1638 2215 1813 2251 dixerunt

1403 2270 1437 2306 ei
1458 2270 1531 2307 scis
1551 2268 1656 2318 quod
1675 2267 1840 2317 pharisei

1403 2323 1531 2360 audito
1552 2322 1624 2360 hoc
1645 2322 1764 2359 uerbo

1404 2375 1648 2414 scandalizati
1668 2382 1757 2412 sunt

1403 2430 1500 2467 ¹³Ac1
1520 2430 1577 2466 ihs
1597 2428 1804 2478 respondes
1824 2427 1874 2465 ait

1405 2484 1530 2521 omnis
1543 2483 1726 2532 plantatio
1746 2489 1849 2530 qua-

1404 2550 1485 2575 non
1504 2537 1690 2586 plantauit
1710 2542 1815 2585 pater

1404 2603 1512 2629 meus
1532 2590 1702 2628 caelestis
1721 2601 1786 2627 era

1405 2644 1591 2682 dicabitur

1405 2698 1559 2735 14Sinite
1578 2696 1661 2734 illos
1684 2695 1788 2734 caeci
1813 2701 1902 2733 sunt

1405 2751 1521 2789 duces
1542 2762 1743 2788 caecorum

1405 2816 1544 2843 caecus
1564 2812 1691 2842 autem
1711 2804 1740 2841 si
1761 2815 1829 2841 cae

1405 2871 1453 2897 co
1472 2859 1653 2896 ducatum
1673 2857 1770 2895 dede

1406 2913 1453 2951 rit
1471 2913 1587 2951 ambo
1602 2912 1641 2950 in
1661 2911 1773 2950 fouea

1924 321 2075 359 Cadent

1923 375 1950 395 ¹⁵
1960 374 2218 424 Respondens
2238 382 2365 414 autem

1924 435 2052 478 petrus
2072 428 2164 466 dixit
2183 429 2217 466 ei
2237 442 2348 466 narra

1924 483 2036 520 nobis
2054 482 2276 531 parabolam
2296 484 2328 520 is

1924 541 2003 573 tarn

1924 588 2024 626 1⁶Ad
2043 588 2102 627 ille
2123 589 2217 626 dixit
2239 590 2364 628 adhuc
2385 597 2422 627 et

1926 654 1995 680 uos
2017 643 2096 680 sine
2118 643 2308 680 intellectu

1926 696 2015 733 estis
2034 695 2148 733 l‘'non
2168 697 2332 745 intellegi

1926 749 1973 786 tis
1993 749 2083 797 quia
2103 761 2217 786 omne
2237 749 2341 798 quod

1927 809 2042 839 intrat
2062 802 2100 838 in
2120 814 2164 839 os
2184 803 2221 839 in
2242 815 2316 840 uen

1928 862 2025 893 trem
2046 856 2150 892 uadit
2169 862 2206 893 et
2226 856 2264 892 in
2285 869 2324 894 se

1927 921 2078 947 cessum
2097 909 2275 946 emittitur

1928 962 1954 983 ¹⁸
1963 975 2061 1012 quae
2081 969 2208 1000 autem
2228 975 2344 1012 proce

1929 1016 2024 1053 dunt
2044 1016 2090 1053 de
2111 1028 2176 1053 ore
2196 1016 2244 1053 de
2263 1029 2330 1054 cor

1930 1069 1976 1107 de
1996 1077 2136 1107 exeunt
2157 1076 2193 1107 et
2213 1082 2299 1107 eam

1929 1123 2180 1172 coinquinant
2200 1123 2304 1160 homi

1929 1189 2019 1214 nem
2097 1176 2177 1214 ¹⁹de
2197 1177 2312 1214 corde
2331 1177 2422 1214 eni‘

1930 1237 2071 1267 exeunt
2089 1230 2342 1278 cogitationes

1930 1283 2029 1320 male
2049 1283 2254 1320 homicidia
2274 1285 2324 1322 ad

1930 1336 2062 1374 ulteria
2081 1337 2281 1374 fornicatio

1930 1402 1998 1427 nes
2018 1390 2116 1427 furta
2134 1390 2229 1427 falsa
2248 1391 2333 1428 testi

1930 1444 2061 1481 monia
2080 1444 2300 1481 blastemiae

1929 1496 2060 1535 ²⁰haec
2081 1504 2169 1535 sunt
2188 1510 2262 1546 que
2286 1498 2427 1548 conqui

1931 1558 2025 1588 nant
2043 1551 2240 1589 hominem

1930 1678 2014 1716 ²1Et
2033 1690 2208 1727 egressus
2227 1678 2314 1716 inde
2334 1679 2392 1717 ihs

1931 1733 2084 1769 secessit
2104 1732 2142 1769 in
2162 1739 2288 1782 partes
2308 1734 2380 1782 tyri

1931 1791 1968 1823 et
1988 1785 2132 1823 sidonis

1932 1839 2055 1875 XLUI²²
2064 1839 2122 1876 Et
2131 1853 2202 1876 ecce
2217 1841 2347 1877 mulier
2359 1841 2429 1878 cha

1931 1905 2056 1930 nanea
2076 1905 2227 1942 egressa
2248 1906 2270 1930 a
2290 1894 2356 1930 fini

1932 1947 2004 1983 bus
2024 1946 2094 1983 illis
2115 1946 2292 1984 clamauit
2312 1946 2350 1983 di

1931 2011 2023 2037 cens
2043 2001 2077 2037 ei
2097 2000 2275 2037 miserere
2295 2001 2371 2037 mei

1933 2053 2008 2091 dr‘ie
2030 2073 2038 2081 ·
2060 2053 2110 2090 fili
2124 2053 2238 2090 dauid
2253 2054 2329 2091 filia
2344 2066 2431 2092 mea

1932 2106 2031 2144 male
2052 2119 2073 2143 a
2093 2106 2273 2145 demonio
2292 2119 2340 2145 ue

1933 2167 2043 2198 xatur
2065 2182 2073 2191 -
2093 2160 2179 2197 ²³ad
2199 2160 2256 2199 i'ns
2276 2173 2355 2198 non
2370 2173 2430 2199 res

1932 2214 2067 2263 pondit
2086 2214 2119 2251 ei
2139 2215 2300 2251 uerbum

1932 2267 1982 2304 Et
2001 2267 2221 2305 adcidentes
2240 2268 2388 2317 discipu

1933 2322 1958 2358 li
1978 2322 2059 2359 eius
2078 2322 2264 2370 rogabam
2284 2334 2372 2358 eum

1934 2375 2103 2413 dicentes
2123 2374 2291 2412 dimittae
2311 2382 2384 2412 ea-

1934 2429 2022 2477 quia
2041 2428 2180 2466 clamat
2200 2435 2286 2477 post
2305 2440 2377 2466 nos

1934 2483 1963 2504 ²4
1971 2483 2058 2531 Ipse
2079 2489 2206 2518 autern
2221 2482 2431 2531 respondes

1935 2537 1986 2573 ait
2006 2548 2085 2572 non
2106 2547 2189 2572 sum
2210 2535 2349 2574 missus

1935 2589 2007 2626 nisi
2027 2589 2076 2626 ad
2096 2600 2189 2626 oues
2209 2601 2308 2638 quae
2328 2602 2378 2638 pe

1934 2643 2075 2680 rierunt
2095 2642 2232 2680 domus
2252 2643 2343 2680 istra

1934 2697 1996 2733 hel

1936 2749 2034 2787 ²⁵Ad
2054 2749 2115 2787 illa
2135 2750 2240 2787 uenit
2259 2756 2297 2787 et
2316 2749 2434 2788 adora

1935 2805 2002 2842 bat
2020 2815 2109 2841 eum
2129 2803 2260 2841 dicens
2280 2803 2368 2841 adiu

1936 2870 1986 2896 ua
2005 2869 2067 2895 me
2088 2857 2162 2894 dfie

2403 2920 2424 2941 n

1936 2955 2060 3005 26Ipse
2081 2960 2209 2993 autem
2223 2953 2433 3004 respondes
