2504 3382
165 204 187 238 8
402 199 517 237 EUA
525 197 815 237 NGELJUM
844 197 919 235 SE
921 197 954 235 C

163 289 244 318 Fol.
263 288 316 317 15.

163 331 234 367 ⁵Et
249 331 315 379 001
335 329 525 378 adceperit
545 336 653 366 unu-

163 395 324 433 puerum
344 383 460 420 talem
481 383 518 419 in
540 395 591 420 no

162 438 264 474 mine
285 449 372 473 meo
393 449 454 473 me
475 436 623 484 adcepit

163 491 176 511 ⁶
190 490 266 536 Qui
291 497 421 527 autem
442 489 655 526 scandaliza

162 545 258 581 uerit
278 555 397 580 unum
417 542 464 579 de
484 542 626 591 pusillis

162 597 240 634 istis
261 596 325 645 qui
346 596 384 632 in
405 607 466 632 me
487 595 644 633 credunt

163 651 315 699 expedit
334 650 368 686 ei
387 656 427 686 ut
448 648 639 698 suspenda

162 711 222 741 tur
242 703 343 741 mola
359 703 520 739 asinaria
539 703 578 739 in

160 757 260 795 00110
281 757 362 794 0103
381 763 419 793 et
438 756 618 804 demerga

162 818 221 847 tur
240 811 279 847 in
298 809 532 858 profundum
552 822 615 846 ma

162 864 212 901 ris

161 918 175 938 ⁷
188 917 272 954 Uae
292 922 420 954 autem
435 916 522 954 huic
543 928 635 952 mun

162 970 214 1008 do
236 971 284 1007 ab
305 970 490 1007 scandalis
511 981 624 1006 neces

163 1036 203 1061 se
223 1031 278 1060 est
299 1024 401 1060 enim
416 1023 546 1060 uenire

162 1077 342 1114 scandala
361 1088 495 1113 uerum
516 1083 553 1112 ta

162 1143 251 1167 men
266 1142 336 1167 uae
357 1129 502 1166 homini
522 1129 574 1165 illi

162 1196 230 1234 per
249 1195 365 1232 quem
387 1183 610 1220 scandalum

163 1237 268 1274 uenit

162 1291 175 1312 Β
190 1290 305 1337 Quod
322 1290 351 1327 si
363 1301 500 1327 manus
516 1295 581 1327 tua
597 1289 655 1327 uel

162 1357 232 1394 pes
251 1352 337 1381 tuus
357 1344 587 1381 scandalizat

161 1405 198 1436 te
219 1397 371 1434 abscide
391 1409 479 1434 eum
499 1404 536 1434 et
556 1396 640 1446 proi

164 1463 207 1489 ce
228 1452 297 1488 abs
317 1458 352 1488 te
389 1451 537 1487 bonum
559 1457 616 1488 est

165 1505 267 1542 enim
288 1504 354 1541 tibi
374 1504 412 1540 in
433 1504 509 1541 uita
529 1516 577 1541 ue

165 1559 245 1595 nire
267 1557 430 1596 debilem
449 1557 509 1595 uel
529 1557 589 1595 clo

162 1696 267 1735 Dum
289 1708 384 1745 quas
405 1696 500 1734 duos
520 1709 569 1746 pe

162 1751 228 1788 des
243 1750 305 1787 uel
326 1750 421 1788 duas
441 1762 580 1788 manus

162 1803 364 1841 habentem
384 1804 477 1841 mitti
497 1804 535 1840 in

161 1858 289 1907 ignem
310 1864 506 1894 aeternum

162 1911 237 1948 ⁹Et
257 1912 287 1948 si
305 1911 437 1948 oculus
458 1919 542 1948 tuus
563 1923 652 1949 3030

163 1964 298 2002 dalizat
321 1971 357 2001 te
378 1977 465 2001 erue
485 1977 575 2002 eum

163 2024 199 2055 et
218 2017 348 2066 proice
369 2019 436 2055 abs
456 2024 491 2055 te
512 2019 649 2055 bonu-

163 2071 231 2108 tibi
251 2077 307 2107 est
328 2083 446 2107 unum
467 2072 614 2109 00010-

163 2124 370 2162 habentem
391 2125 429 2160 in
450 2125 526 2162 uita

163 2178 301 2215 intrare
322 2189 437 2226 quam
458 2178 507 2214 du

163 2243 207 2268 os
227 2231 360 2268 oculos
379 2230 571 2268 habente-

163 2285 261 2321 mitti
282 2285 319 2321 in
340 2297 490 2333 geenna
511 2286 548 2334 ig

163 2338 222 2375 nis

163 2391 190 2412 ¹⁰
203 2391 342 2429 Uidete
363 2403 411 2428 ne
432 2398 612 2442 contemp

164 2446 261 2482 natis
279 2457 399 2482 unum
419 2458 465 2483 ex
486 2445 544 2483 his

165 2498 308 2546 pusillis
328 2499 393 2548 qui
413 2499 571 2537 credunt

164 2564 203 2587 1n
223 2563 285 2588 me

166 2604 265 2641 Dico
286 2605 387 2641 enim
407 2606 518 2643 00013
539 2606 644 2655 00οἀ

165 2657 291 2706 angeli
311 2670 441 2695 eorum
461 2660 499 2695 in
519 2671 561 2697 00

166 2710 211 2747 113
231 2722 380 2758 semper
399 2712 530 2748 uident

166 2764 302 2800 faciem
321 2765 436 2812 patris
456 2766 530 2802 mei

166 2817 231 2865 qui
252 2817 288 2853 in
311 2817 424 2854 caelis
444 2825 499 2854 est

166 2871 192 2890 ¹¹
208 2870 322 2907 Uenit
343 2871 444 2907 enirn
465 2871 560 2908 filius
579 2870 630 2909 ho

166 2924 279 2960 minis
299 2924 444 2961 saluare
466 2925 571 2973 quod

690 329 850 377 perierat

691 383 719 403 1²
733 381 835 427 Quid
856 381 967 419 uobis
987 381 1138 419 uidetur

691 436 721 473 si
741 435 877 472 fuerint
895 435 1005 472 alicui
1025 435 1076 472 ho

690 489 783 524 mini
803 496 956 525 centurn
977 501 1071 526 oues

691 549 727 579 et
747 543 925 579 errauerit
945 554 1022 579 una

690 608 737 632 ex
759 595 815 632 his
835 607 965 633 nonne
985 596 1077 633 relin

690 655 781 698 quet
801 649 1012 698 nonaginta
1032 656 1069 686 et

690 715 792 740 noue
813 703 851 739 in
870 704 1067 739 montibus

689 764 726 793 et
746 756 849 793 uadit
870 768 1024 805 querere
1044 763 1118 793 ea*

690 822 765 858 que
786 811 923 846 errauit
943 810 969 830 ¹³
983 817 1019 846 et
1040 811 1070 846 si
1087 817 1166 847 00-

688 864 813 912 tigerit
834 870 875 900 ut
895 863 1063 900 inueniat

691 929 777 954 eam

690 970 816 1006 Amen
838 969 924 1006 dico
941 969 1050 1006 uobis
1073 969 1176 1019 quod

689 1022 869 1071 gaudebit
889 1023 927 1059 in
948 1034 1034 1059 eam

689 1076 813 1124 magis
833 1088 948 1124 quam
968 1076 1007 1112 in
1027 1088 1079 1113 no

690 1130 846 1178 naginta
866 1136 903 1166 et
923 1142 1025 1166 noue
1046 1141 1121 1179 que

689 1195 768 1220 non
789 1191 1009 1220 errauerunt

689 1236 716 1256 ¹⁴
732 1236 792 1274 Sic
813 1249 890 1274 non
912 1243 967 1273 est
987 1236 1163 1274 uoluntas

690 1297 777 1327 ante
799 1296 945 1339 patrem
966 1302 1034 1327 ues

690 1350 788 1380 trum
810 1345 875 1393 qui
895 1344 934 1380 in
954 1343 1067 1381 caelis

689 1404 744 1434 est
764 1404 803 1434 ut
818 1405 945 1446 pereat
963 1409 1062 1434 unus

689 1463 736 1487 ex
757 1451 900 1499 pusillis
919 1451 998 1487 istis

689 1512 766 1539 LIII
776 1504 803 1524 ¹⁵
811 1503 916 1549 Quod
931 1506 970 1541 si
982 1505 1186 1552 peccauerit

689 1558 728 1595 in
749 1565 785 1596 te
805 1557 919 1595 frater
939 1564 1026 1595 tuus

689 1696 800 1735 Uade
821 1697 966 1747 corripe
986 1709 1074 1735 eum

688 1751 784 1788 inter
803 1758 838 1788 te
858 1759 894 1788 et
913 1752 1035 1800 ipsum
1057 1763 1100 1788 so

688 1805 767 1842 lum
788 1805 817 1841 si
838 1811 874 1842 te
895 1805 1051 1842 audierit
1071 1804 1108 1841 lu

688 1866 816 1895 cratus
837 1858 908 1895 eris
928 1858 1081 1895 fratrem

687 1918 794 1948 tuum
864 1912 891 1932 ¹⁶
904 1912 934 1949 si
954 1918 1081 1948 autem
1102 1923 1180 1948 non

687 1972 722 2002 te
743 1965 900 2002 audierit
921 1965 1057 2002 adhibe

688 2026 814 2056 tecum
834 2031 955 2056 unum
976 2019 1037 2056 uel
1058 2019 1107 2056 du

689 2084 732 2110 os
751 2080 790 2109 ut
811 2073 849 2109 in
869 2085 935 2110 ore
956 2073 1119 2110 duorum

688 2125 749 2162 uel
769 2126 880 2162 trium
900 2127 1049 2164 testium

690 2185 762 2216 stet
781 2191 895 2216 omne
915 2181 1077 2217 uerbum

689 2232 716 2252 ¹⁷
730 2233 833 2281 quod
853 2234 883 2270 si
904 2245 983 2270 non
1003 2233 1164 2271 audierit

691 2286 737 2322 sit
759 2287 825 2322 tibi
846 2287 941 2323 sicut
961 2287 1138 2324 ethnicus

690 2347 725 2376 et
746 2339 971 2388 publicanus

691 2392 845 2429 “Amen
859 2393 944 2430 dico
959 2393 1071 2431 uobis
1084 2406 1181 2444 quae

689 2458 854 2496 cumque
875 2447 1068 2496 alligaueri

689 2501 735 2536 tis
756 2511 869 2549 super
888 2507 1027 2537 terram
1048 2513 1069 2538 e

690 2559 776 2590 runt
797 2554 948 2602 alligata
967 2561 1002 2591 et
1022 2554 1059 2591 in
1080 2566 1122 2592 ce

690 2607 727 2644 lo
748 2613 784 2643 et
803 2619 1045 2657 quecumque
1066 2607 1123 2645 sol

689 2661 814 2697 ueritis
835 2673 948 2710 super
966 2668 1064 2698 terra

689 2722 798 2751 erunt
818 2715 939 2752 soluta
959 2722 994 2752 et
1013 2715 1053 2752 in

689 2767 796 2804 caelo

689 2820 715 2840 ¹⁹
728 2819 870 2856 Iterum
884 2820 969 2858 dico
983 2822 1093 2859 uobis
1107 2834 1181 2872 qua

692 2874 721 2909 si
742 2874 890 2910 duobus
910 2886 1084 2912 conuene

690 2927 735 2962 rit
757 2938 803 2963 ex
824 2927 933 2965 uobis
955 2940 1068 2977 supra
1088 2936 1144 2966 ter

1599 198 1686 236 MA
1698 198 1739 235 T
1736 198 1775 236 T
1767 198 1812 236 E
1814 199 1906 236 HM
1954 197 2078 251 [xvm.
2102 213 2227 246 5-xrx.
2250 215 2279 246 3.

1255 286 1337 316 Fol.
1355 287 1409 315 16.

1255 328 1355 365 Ram
1402 327 1449 365 de
1460 327 1566 365 omni
1583 339 1621 364 re
1637 335 1743 377 qua-

1253 393 1419 430 cumque
1440 381 1614 430 petierint
1634 382 1698 418 fiet

1253 435 1322 472 illis
1342 448 1364 472 a
1385 443 1488 483 patre
1509 446 1597 471 meo
1618 435 1682 483 qui
1706 435 1745 471 in

1253 489 1367 526 caelis
1379 496 1434 525 est
1446 488 1474 509 ²⁰
1483 488 1544 524 ubi
1558 489 1660 524 enim
1669 488 1745 525 duo

1254 550 1341 579 sunt
1362 542 1422 578 001
1442 548 1517 578 tres
1539 553 1681 589 congre

1253 597 1329 644 gati
1350 595 1387 631 in
1409 595 1565 632 nomine
1585 606 1674 632 meo

1253 649 1303 686 ibi
1324 654 1360 685 et
1377 661 1450 697 ego
1464 660 1548 685 sum
1563 648 1602 684 in
1615 647 1745 685 medio

1253 714 1386 739 eorum

1252 754 1400 793 21Το00
1414 755 1577 792 adcedes
1593 754 1641 792 ad
1656 766 1745 792 eum

1252 816 1380 858 petrus
1402 809 1492 846 dixit
1513 809 1545 845 ei
1567 809 1654 846 (1ῶο
1676 809 1706 846 31

1253 863 1466 911 peccauerit
1487 863 1525 898 in
1544 875 1606 899 me
1627 862 1682 900 fra

1252 924 1306 953 ter
1326 927 1434 952 meus
1455 916 1631 964 quotiens

1253 970 1442 1006 remittam
1463 969 1496 1006 ei
1516 981 1636 1019 usque

1252 1023 1391 1071 septies

1251 1075 1744 1114 22Ι)101ῖο11030000100001

1251 1142 1370 1178 03000
1391 1130 1530 1178 septies
1550 1130 1616 1167 sed
1636 1142 1719 1180 usq·

1251 1184 1467 1232 septuagies
1488 1184 1625 1233 septies

1250 1246 1346 1272 LIIII
1359 1238 1385 1258 ²³
1401 1236 1487 1274 Ideo
1502 1238 1636 1274 similis
1650 1242 1702 1274 est

1583 1289 1745 1342 [habmus

1250 1344 1357 1392 regni
1374 1344 1564 1381 caelorum
1585 1344 1636 1382 ho

1250 1397 1342 1433 mini
1362 1398 1441 1446 regi
1462 1398 1525 1447 qui
1545 1398 1666 1435 uoluit

1250 1451 1436 1487 rationem
1454 1463 1597 1500 ponere
1614 1455 1692 1489 cu*

1251 1504 1368 1540 seruis
1389 1505 1466 1540 suis
1485 1503 1513 1524 ²4
1526 1511 1562 1541 et
1584 1517 1672 1542 cum
1693 1517 1736 1542 ce

1250 1557 1366 1606 pisset
1385 1558 1571 1594 rationem
1591 1569 1643 1606 po

1251 1623 1340 1647 nere
1361 1622 1449 1647 cum
1471 1611 1590 1648 seruis
1612 1611 1687 1648 suis

1250 1696 1410 1735 Oblatus
1430 1704 1485 1734 est
1504 1698 1608 1735 enim

1249 1763 1348 1788 unus
1369 1752 1433 1800 qui
1454 1751 1618 1789 debebat

1250 1804 1340 1842 dece
1360 1805 1463 1842 milia
1480 1805 1621 1842 talenta

1249 1857 1275 1878 ²⁵
1288 1871 1375 1895 cum
1396 1865 1522 1896 autem
1542 1871 1621 1896 non
1640 1858 1689 1896 ha

1248 1912 1353 1949 beret
1372 1912 1472 1949 unde
1493 1912 1609 1949 redde

1249 1972 1301 2002 ret
1322 1966 1427 2002 iussit
1447 1978 1534 2002 eum
1551 1966 1635 2003 dms

1249 2019 1329 2056 eius
1348 2019 1558 2056 uedundari
1577 2026 1613 2057 et

1250 2085 1410 2110 uxorem
1431 2073 1510 2110 eius
1530 2080 1566 2110 et
1586 2073 1684 2110 filius

1248 2134 1284 2163 et
1304 2127 1435 2163 omnia
1454 2138 1551 2175 quae
1573 2127 1622 2164 ha

1249 2180 1363 2217 bebat
1383 2187 1418 2217 et
1438 2180 1559 2217 reddit
1580 2180 1626 2217 de

1250 2234 1369 2270 bitum

1248 2286 1276 2307 ²⁶
1291 2286 1501 2324 Procidens
1522 2294 1649 2325 autem
1669 2299 1729 2325 ser

1249 2352 1319 2378 uus
1339 2340 1399 2377 ille
1420 2342 1552 2378 orabat
1572 2353 1660 2378 eum

1249 2394 1380 2431 dicens
1401 2395 1488 2431 dffie
1509 2395 1689 2443 patientia

1250 2448 1348 2484 habe
1369 2460 1429 2484 me
1451 2455 1486 2484 et
1505 2449 1635 2485 omnia

1250 2501 1409 2538 reddam
1425 2499 1634 2538 ”misertus

1250 2562 1376 2592 autem
1393 2554 1477 2592 dms
1492 2556 1590 2592 serui
1610 2555 1634 2592 il

1249 2608 1319 2645 lius
1339 2615 1376 2645 et
1396 2609 1538 2645 remisit
1557 2610 1590 2646 ei
1610 2615 1647 2647 et

1250 2662 1419 2699 debitum
1439 2663 1580 2699 remisit
1600 2663 1633 2700 ei

1248 2716 1276 2736 ²⁸
1289 2716 1476 2764 Egressus
1497 2723 1622 2753 autem
1643 2728 1703 2753 ser

1250 2781 1321 2806 003
1342 2770 1403 2807 1110
1425 2770 1568 2806 inuenit
1588 2782 1708 2807 unum

1249 2835 1293 2859 ex
1315 2824 1510 2861 conseruis
1531 2825 1609 2861 suis

1247 2878 1311 2924 qui
1333 2877 1495 2913 debebat
1516 2877 1549 2914 ei
1569 2889 1641 2914 cen

1248 2938 1326 2966 tum
1347 2930 1511 2968 dinarios
1531 2937 1568 2967 et
1587 2937 1622 2967 te

1782 327 1891 366 Nens
1912 329 2123 367 suffocabat
2143 336 2224 367 eu-

1781 382 1913 419 dicens
1934 383 2048 420 redde
2069 383 2173 432 quod

1782 435 1888 472 debis
1908 436 1935 457 ²⁹
1948 444 1984 473 et
2004 437 2208 485 procidens

1782 500 1991 526 conseruus
2011 490 2090 527 eius
2111 502 2155 527 ro

1782 542 1898 589 gabat
1917 554 2004 579 eum
2025 543 2157 580 dicens

1782 595 1964 642 patientia
1982 595 2080 633 habe
2100 597 2138 633 in
2158 607 2221 633 me

1783 655 1819 684 et
1839 648 1996 685 reddam
2017 650 2083 686 tibi
2138 650 2167 671 ³⁰
2179 649 2241 687 ille

1782 708 1908 738 autem
1925 702 2044 739 noluit
2059 703 2126 740 sed
2145 715 2167 739 a

1781 754 1847 791 biit
1867 761 1904 791 et
1925 755 2023 791 misit
2043 768 2128 792 eum
2149 756 2188 792 in

1781 820 1972 845 carcerem
1993 809 2115 845 donec

1780 861 1952 898 redderet
1972 861 2141 899 debitum

1780 914 2002 952 ³¹Uidentes
2022 921 2152 952 autern
2172 927 2247 953 con

1781 969 1879 1005 serui
1900 969 1979 1006 eius
1999 981 2097 1017 quae
2118 969 2165 1006 fie

1780 1023 1872 1059 bant
1892 1023 2104 1059 contristati
2133 1030 2220 1060 sunt

1780 1082 1816 1112 et
1837 1083 2024 1113 uenerunt
2039 1083 2076 1113 et
2096 1089 2165 1113 nar

1779 1135 1959 1166 rauerunt
1979 1129 2137 1167 domino

1780 1194 1849 1219 suo
1870 1183 1999 1220 omnia
2020 1196 2118 1233 quae
2141 1184 2200 1222 fac

1780 1243 1817 1272 ta
1838 1243 1945 1273 erant

1780 1289 1808 1309 ³²
1821 1289 1936 1327 Tunc
1957 1291 2109 1328 uocauit
2129 1290 2235 1328 illurn

1780 1343 1865 1380 dms
1885 1344 1964 1380 eius
1984 1351 2020 1380 et
2040 1345 2089 1381 ait
2110 1344 2159 1381 illi
2179 1357 2240 1382 ser

1779 1408 1826 1433 ue
1846 1409 1972 1445 nequa
1992 1409 2106 1434 omne
2127 1398 2175 1435 de

1779 1451 1900 1486 bitum
1920 1451 2046 1487 remisi
2067 1452 2132 1488 tibi
2153 1452 2241 1501 quia

1777 1504 1919 1552 rogasti
1940 1516 2002 1540 me
2022 1504 2048 1523 ³³
2062 1517 2138 1541 non
2161 1518 2200 1542 er

1777 1569 1829 1605 go
1848 1557 2016 1605 oportuit
2036 1564 2072 1594 te
2094 1570 2173 1607 quo

1777 1707 1851 1745 que
1872 1695 2038 1734 misereri
2059 1709 2198 1736 conser

1777 1761 1828 1787 uo
1848 1756 1914 1786 tuo
1935 1751 2029 1788 sicut
2049 1758 2085 1788 et
2105 1763 2179 1800 ego
2199 1752 2252 1790 tui

1778 1803 1952 1840 misertus
1972 1816 2055 1841 sum

1777 1857 1806 1877 ⁸⁴
1820 1857 1869 1893 Et
1889 1857 2004 1894 iratus
2024 1858 2095 1895 dr'1s
2115 1859 2198 1896 eius
2214 1865 2272 1897 tra

1778 1910 1869 1947 didit
1888 1922 1975 1947 eum
1997 1913 2203 1949 tortoribus

1778 1963 2029 2012 quoadusque
2045 1966 2162 2003 redde

1777 2025 1832 2054 ret
1853 2018 2072 2055 uniuersum
2095 2019 2141 2056 de

1776 2072 1897 2108 bitum
1954 2071 1982 2092 ³⁵
1994 2073 2046 2109 sic
2061 2079 2097 2109 et
2110 2072 2221 2110 uobis
2234 2072 2271 2111 fa

1777 2125 1851 2161 ciet
1870 2132 1976 2173 pater
1995 2137 2102 2163 meus
2122 2127 2187 2175 qui

1777 2184 1834 2215 est
1854 2179 1892 2214 in
1913 2179 2001 2215 celis
2021 2180 2050 2216 si
2071 2192 2150 2217 non
2171 2179 2263 2217 remi

1777 2232 1898 2268 seritis
1917 2233 2176 2282 unusquisque

1777 2285 1879 2322 fratri
1901 2297 1970 2323 suo
1991 2286 2037 2323 de
2059 2287 2237 2324 cordibus

1777 2338 1910 2376 uestris

1775 2401 1825 2428 LL‘
1837 2399 1875 2428 19
1889 2391 2110 2441 ¹Elsaclum
2124 2398 2177 2430 est
2189 2406 2268 2431 cum

1776 2447 1924 2484 locutus
1944 2453 2044 2483 esset
2064 2447 2121 2484 ihs
2143 2459 2202 2484 ser

1776 2512 1911 2538 mones
1931 2501 2024 2537 istos
2045 2508 2188 2538 transtu

1776 2554 1815 2590 lit
1835 2567 1874 2591 30
1896 2567 1918 2591 3
1938 2554 2113 2602 galileam
2133 2562 2168 2592 et
2188 2567 2236 2592 ue

1777 2608 1831 2644 nit
1850 2609 1889 2644 in
1909 2608 2046 2644 finibus
2065 2608 2200 2645 iudeae

1775 2668 1879 2698 trans
1900 2661 2109 2699 iordanen²
2130 2668 2167 2698 et

1776 2722 1927 2752 secutae
1948 2721 2034 2750 sunt
2053 2726 2142 2751 eum

1775 2769 1907 2805 turbae
1927 2767 2067 2804 multae
2087 2774 2124 2804 et

1777 2821 1924 2858 curabit
1944 2821 2028 2857 illos
2049 2821 2100 2857 ibi

1774 2874 1787 2894 ³
1800 2874 1849 2911 Et
1869 2874 2110 2911 adcesserunt
2124 2872 2172 2910 ad
2188 2881 2263 2912 eu-

1775 2927 1938 2976 pharisei
1958 2934 2189 2977 temptantes

2191 3001 2216 3028 U
