2504 3382
258 199 284 225 1.
307 198 414 234 15-11.
438 183 508 238 10.]
577 184 983 224 EUANGELIUM

260 273 341 303 Fol.
356 273 434 303 155.

261 315 462 364 Tempora
481 319 518 352 et
537 314 659 363 adpro

260 368 377 419 piauit
396 380 557 416 regnum
577 367 616 404 di

260 422 499 471 paenitimini
520 428 556 459 et
576 434 638 460 cre

261 475 338 513 dite
358 475 396 512 in
417 475 660 524 euangelium

261 529 344 566 ¹⁶Et
364 529 571 578 preteriens
591 541 700 567 secus

261 594 367 620 mare
387 583 565 630 galilaeae
585 583 623 619 ui

261 636 315 673 dit
335 637 525 674 simonem
545 643 582 673 et
596 648 651 673 an

261 689 394 727 dream
414 689 567 728 fratrem
586 690 666 728 eius

261 744 446 782 iactantes
465 745 597 781 retiam
618 744 656 780 in

261 808 366 835 mare
386 805 493 835 erant
512 799 615 836 enim
635 797 695 847 pis

261 857 409 889 catores

260 904 345 941 ¹⁷Et
365 905 457 942 dixit
472 905 542 942 illis
556 905 614 942 ihs
629 903 756 941 uenite

260 965 349 1007 post
368 971 429 996 me
450 966 486 996 et
507 959 643 996 faciam

261 1023 333 1048 uos
353 1013 432 1050 fieri
453 1013 661 1062 piscatores

261 1064 464 1102 hominum

260 1118 338 1156 1⁸Et
358 1120 532 1168 protinus
552 1118 688 1155 relictis

259 1174 440 1210 omnibus
460 1173 578 1210 secuti
599 1179 676 1208 su-

260 1237 350 1262 eum

258 1278 343 1316 ¹⁹Et
363 1290 587 1329 progressus
607 1278 706 1328 pusil

259 1330 342 1370 lum
363 1333 456 1370 uidit
476 1333 655 1370 iacobum

258 1387 414 1425 zebedei
434 1394 470 1424 et
489 1386 690 1424 iohanne-

259 1441 414 1478 fratrem
434 1442 512 1478 eius
532 1447 569 1477 et
589 1440 692 1489 ipsos

259 1496 299 1533 in
320 1495 536 1532 nauiculam
556 1501 670 1543 apta-

259 1557 316 1587 tes
336 1549 471 1585 retiam

260 1635 345 1672 ²⁰Et
364 1635 518 1672 uocauit
538 1633 620 1671 illos
640 1634 705 1683 qui

259 1689 386 1726 statim
405 1688 537 1725 relicto
557 1700 606 1736 pa

259 1750 314 1780 tre
336 1754 406 1779 suo
427 1742 594 1778 zebedeo
615 1741 653 1778 in

258 1796 478 1833 nauiculam
498 1807 588 1832 cum

258 1849 531 1887 mercennariis
552 1861 642 1886 secu

258 1904 285 1940 ti
307 1909 393 1940 sunt
413 1914 502 1939 eum

258 1956 343 1993 ²1Et
363 1957 626 2005 ingrediuntur
645 1968 691 1993 ca

258 2010 473 2060 pharnaum
494 2017 531 2047 et
551 2016 608 2047 sta

258 2064 327 2101 tim
348 2064 541 2113 ingressus
561 2064 630 2100 sab

258 2118 356 2155 batis
376 2118 414 2154 in
435 2124 660 2166 synagoga-

259 2171 422 2209 docebat
443 2183 510 2208 eos
548 2171 618 2208 ²²et
638 2177 698 2208 stu

259 2225 403 2274 pebant
425 2237 540 2273 super
559 2224 632 2262 doc

258 2279 397 2315 trinam
418 2280 497 2315 eius
535 2285 642 2315 erant

259 2332 362 2369 enim
384 2332 527 2370 docens
547 2344 614 2370 eos

259 2393 300 2422 ut
319 2393 548 2434 potestatem
570 2386 619 2422 ha

259 2439 354 2476 bens
374 2451 453 2476 non
473 2440 568 2475 sicut
589 2439 661 2476 scri

260 2493 332 2529 bae
512 2493 625 2529 ²³erat

260 2553 387 2583 autem
408 2545 524 2583 homo
545 2546 583 2582 in
604 2558 647 2595 sy

261 2611 414 2648 nagoga
451 2600 489 2635 in
510 2603 582 2648 spu
602 2600 642 2637 in

261 2653 408 2690 mundo
446 2660 483 2691 et
502 2653 676 2691 exclama

260 2707 313 2744 uit
333 2706 499 2744 ²⁴dieens
555 2707 648 2756 quid

259 2761 372 2798 nobis
391 2767 427 2798 et
448 2761 515 2798 tibi
537 2761 594 2798 ihs
615 2773 663 2798 na

259 2826 396 2851 zarene
471 2815 608 2852 uenisti

261 2868 421 2916 perdere
441 2881 511 2907 nos
532 2870 610 2907 scio

788 315 848 352 Te
868 315 933 365 qui
954 315 1004 352 sis
1024 320 1177 352 sanctus
1196 313 1236 351 di

787 369 871 406 ²⁵Et
891 370 1134 407 conminatus
1153 374 1210 405 est

789 423 822 460 ei
838 423 896 460 ihs
917 423 1045 460 dicens
1083 433 1217 459 ommu

788 483 890 514 tesce
928 483 965 513 et
984 476 1045 513 exi
1065 476 1113 513 de
1133 474 1239 512 homi

788 542 838 568 ne
859 533 923 579 sps
944 529 1127 567 inmunde
1165 529 1236 565 ²⁶et

790 585 881 621 exiit
901 583 1120 631 discerpens
1140 587 1219 619 eu‘

790 641 855 686 sps
875 637 1082 674 inmundus
1102 642 1138 673 et
1158 647 1206 672 ex

789 692 959 729 clamans
978 702 1075 727 uoce
1095 701 1186 738 mag

789 757 840 781 na
859 744 1030 781 discessit
1050 743 1099 779 ab
1119 754 1166 780 eo

789 798 872 835 27Εῑ
892 797 1015 834 mirati
1035 803 1124 834 sunt
1146 807 1283 834 omnes

789 859 827 889 et
847 851 1126 900 conquirebant

790 917 958 954 quenam
977 911 1076 941 esset
1094 904 1189 941 haec

790 959 964 996 doctrina
983 958 1178 1007 potestatis

789 1019 826 1050 et
847 1012 1030 1061 quoniam
1051 1012 1241 1060 spiritibus

788 1066 984 1103 inmundis
1003 1066 1165 1113 imperat

789 1132 810 1156 e
831 1119 1041 1156 obaudiunt
1061 1118 1113 1155 illi
1133 1119 1202 1155 ²⁸et

789 1173 879 1210 exiit
898 1184 1027 1209 rumor
1046 1172 1114 1209 iste
1134 1172 1173 1208 in

790 1238 946 1264 omnem
966 1225 1162 1274 regionem

789 1280 948 1328 galileae

787 1343 843 1370 111
851 1333 878 1353 ²⁹
897 1333 954 1370 Et
970 1344 1133 1381 egressus
1152 1335 1270 1368 aulem

788 1387 836 1424 de
856 1399 1052 1436 synagoga
1072 1386 1129 1422 ihs
1148 1397 1196 1422 ue

788 1442 844 1478 nit
864 1441 903 1477 in
923 1440 1083 1478 domum
1104 1440 1201 1476 simo

789 1496 849 1532 nis
869 1501 906 1532 et
927 1494 1091 1531 andreae
1129 1504 1218 1530 cum

788 1549 926 1586 iaeobu
947 1555 983 1585 et
1002 1548 1200 1585 iohanne-

787 1634 1089 1672 ²³⁰Decumbebat
1109 1639 1226 1670 aute*

789 1700 922 1726 socrus
942 1688 1102 1725 simonis
1122 1687 1157 1724 fe

788 1742 967 1779 bricitans
1004 1747 1041 1778 et
1062 1740 1257 1778 retuleru-

788 1796 838 1832 illi
859 1796 905 1832 de
924 1795 988 1832 illa
1024 1794 1096 1832 81et
1120 1794 1283 1831 adcessit

789 1857 826 1887 et
846 1849 1086 1898 adprehensa
1106 1854 1255 1884 manu-

788 1904 869 1941 eius
889 1903 1049 1940 eleuauit
1070 1914 1156 1938 eam
1178 1908 1214 1938 et

789 1957 972 1995 continuo
992 1955 1152 2004 reliquid
1171 1961 1245 1992 ea·-

787 2011 903 2048 febris
923 2017 960 2047 et
979 2009 1216 2046 ministrabat

788 2065 842 2101 eis
929 2064 1122 2112 ³²uespere
1143 2075 1191 2099 au

788 2125 866 2155 tem
887 2116 988 2154 facto
1008 2124 1106 2154 esset
1126 2123 1162 2153 et
1182 2128 1228 2154 oc

788 2172 940 2209 cidisset
960 2170 1016 2208 sol
1037 2170 1247 2207 adfereba-

788 2225 837 2262 ad
858 2237 945 2262 eum
965 2224 1064 2261 male
1084 2224 1211 2261 haben

788 2286 845 2316 tes
865 2278 977 2315 uariis
998 2278 1174 2326 languori

788 2333 861 2370 bus
899 2339 936 2369 et
955 2332 1143 2369 demoniis
1164 2331 1212 2368 ad

788 2386 1023 2436 prehensum
1060 2385 1131 2422 33et
1151 2397 1217 2422 om

788 2440 847 2477 nis
867 2439 1001 2477 ciuitas
1039 2451 1163 2476 conue

788 2494 917 2530 niebat
937 2493 984 2530 ad
1005 2494 1160 2530 ianuam
1180 2493 1261 2530 eius

787 2547 858 2584 3‘¹et
877 2548 1031 2584 curabat
1051 2547 1190 2584 multos

789 2601 889 2637 male
908 2601 1093 2637 habentes
1114 2601 1228 2637 uariis

788 2655 1034 2703 languoribus
1071 2660 1107 2691 et
1127 2655 1191 2703 qui

789 2709 969 2746 demonia
987 2707 1182 2745 habebant

789 2762 950 2800 eiciebat
968 2761 1031 2798 illa
1051 2762 1099 2798 ab
1119 2762 1172 2799 eis
1193 2768 1229 2799 et

789 2828 868 2853 non
889 2816 1035 2852 sinebat
1055 2828 1100 2852 ea
1119 2815 1223 2866 loqui

789 2870 973 2920 quoniam
993 2870 1162 2908 sciebant

1652 185 1762 223 SEC
1789 186 2056 225 MARCUM

1350 273 1433 302 Pol.
1450 273 1530 303 156.

1349 315 1450 351 Eum

1348 368 1433 405 ⁸⁵Et
1453 367 1620 405 diluculo
1640 380 1823 418 exsurges

1349 421 1441 458 abiit
1460 421 1498 457 in
1520 422 1711 459 desertum
1731 422 1768 460 lo

1350 487 1440 512 cum
1459 475 1586 523 ibique
1606 477 1738 513 orabat

1349 528 1635 565 ³⁶Ete0nsecuti
1649 536 1736 566 sunt
1749 529 1846 566 illu-

1350 582 1475 619 simon
1495 588 1532 618 et
1552 583 1616 629 qui
1635 595 1723 619 cum
1745 595 1791 620 eo

1351 641 1459 673 erant
1549 634 1622 673 ³⁷et
1641 648 1730 673 cum
1750 637 1789 673 in

1350 689 1543 726 uenissent
1562 688 1667 726 illum
1688 689 1726 726 di

1351 748 1487 780 xerunt
1507 742 1541 779 ei
1577 743 1668 791 quia
1688 754 1754 780 om

1351 797 1410 833 nis
1430 803 1594 844 querunt
1613 802 1648 833 te

1349 851 1376 871 ³⁸
1384 850 1432 886 Et
1441 850 1568 886 aitillis
1581 862 1713 888 eamus
1726 850 1764 886 in
1777 862 1847 899 pro

1351 904 1474 941 ximos
1494 904 1601 941 uicos
1622 911 1659 941 et
1680 904 1755 941 ciui

1351 964 1446 994 tates
1465 957 1514 994 ad
1534 957 1804 1006 predicandu-

1351 1011 1399 1048 ad
1419 1011 1493 1048 hoc
1514 1011 1614 1048 enim
1634 1011 1722 1048 ueni

1351 1065 1435 1102 3‘³Et
1455 1071 1535 1102 erat
1556 1065 1757 1113 predicans
1777 1064 1816 1101 in

1353 1119 1559 1167 synagogis
1580 1130 1711 1155 eorum

1352 1178 1389 1209 et
1409 1172 1447 1208 in
1467 1173 1646 1210 omnibus
1667 1172 1806 1209 finibus

1352 1226 1509 1275 galileae
1548 1233 1584 1263 et
1605 1226 1785 1264 demonia

1354 1279 1494 1316 eiciens
1733 1277 1847 1331 [lepro

1352 1342 1426 1368 1111
1434 1333 1461 1353 ‘¹⁰
1481 1332 1538 1369 Et
1554 1334 1654 1369 uenit
1671 1333 1723 1369 ad
1737 1345 1816 1370 eum

1354 1398 1417 1423 sus
1437 1386 1648 1435 deprecans
1668 1398 1757 1423 eum

1354 1447 1390 1477 et
1409 1440 1540 1477 dicens
1561 1440 1634 1477 dfie
1656 1440 1686 1477 si
1705 1441 1764 1477 uis

1353 1501 1477 1541 potest
1498 1507 1559 1531 me
1581 1494 1766 1531 mundare

1352 1548 1422 1585 ⁴¹¹et
1442 1548 1558 1585 iratus
1579 1548 1804 1585 extendens.

1352 1632 1518 1670 Manum
1539 1645 1650 1671 suam
1670 1640 1706 1671 et

1352 1694 1512 1736 tangens
1533 1700 1622 1725 eum
1643 1687 1736 1724 dixit

1350 1741 1440 1779 uolo
1458 1741 1644 1778 mundare
1665 1741 1735 1778 ‘²²et

1351 1795 1553 1832 confestim
1573 1795 1745 1832 discessit

1350 1849 1455 1898 lepra
1474 1850 1523 1885 ab
1544 1860 1592 1886 eo
1630 1856 1667 1885 et
1688 1855 1787 1885 mu-

1352 1902 1462 1940 datus
1482 1909 1538 1939 est
1614 1902 1685 1939 ‘³³et
1705 1914 1779 1939 con

1351 1958 1517 1993 minatus
1537 1962 1594 1993 est
1613 1956 1648 1993 ei
1668 1956 1785 1993 stati-

1352 2010 1492 2047 dimisit
1513 2021 1601 2047 eum
1642 2010 1714 2046 ⁴1‘¹et
1734 2009 1825 2047 dicit

1351 2064 1384 2100 ei
1405 2063 1491 2101 uide
1512 2063 1655 2100 nemini
1677 2063 1763 2100 dixe

1351 2118 1401 2154 ris
1511 2117 1579 2155 sed
1599 2117 1696 2155 uade
1717 2128 1760 2154 os

1351 2171 1464 2208 tende
1485 2178 1522 2209 te
1542 2170 1727 2208 sacerdoti

1349 2225 1421 2262 bus
1529 2226 1566 2262 et
1583 2225 1698 2262 offers

1350 2291 1420 2328 pro
1441 2279 1748 2316 emundatione*

1350 2339 1456 2370 tuam
1477 2345 1573 2381 quae
1593 2333 1766 2382 precepit

1350 2398 1504 2435 moyses
1524 2387 1560 2423 in
1581 2386 1732 2424 testimo

1350 2441 1456 2476 nium
1477 2440 1546 2477 illis
1620 2440 1714 2477 ⁴³⁵ille
1735 2452 1782 2477 ue

1350 2506 1393 2532 ro
1414 2506 1588 2542 egressus
1609 2494 1734 2542 coepit

1349 2548 1542 2596 predicare
1600 2553 1636 2585 et
1656 2546 1714 2584 dif

1351 2601 1535 2638 famatum
1555 2613 1683 2638 sermo

1350 2667 1440 2691 nem
1460 2656 1510 2691 ita
1529 2661 1570 2691 ut
1589 2655 1665 2691 iam
1686 2660 1766 2690 no-

1350 2708 1478 2757 posset
1498 2707 1697 2745 manifeste
1718 2709 1757 2744 in

1351 2763 1463 2799 troire
1483 2762 1521 2798 in
1542 2762 1693 2799 ciuitate

1350 2815 1416 2853 sed
1435 2815 1525 2853 foris
1544 2816 1582 2852 in
1603 2815 1713 2853 deser

1350 2870 1395 2906 tis
1418 2870 1509 2908 locis
1530 2881 1613 2907 esse
1655 2876 1691 2907 et
1712 2881 1787 2908 con

2326 200 2343 238 *1

2351 204 2373 238 Ὁ

1879 315 2071 353 Ueniebat
2089 315 2139 353 ad
2158 328 2248 354 eum

1879 369 2049 418 undique

1883 433 1906 458 U
1923 423 1962 458 2¹
1982 422 2039 460 Et
2055 424 2218 461 intrauit
2234 424 2364 462 ilerum

1879 477 2169 525 chapharnaum
2189 485 2277 526 post

1880 531 1959 567 dies
1979 531 2148 568 auditum
2174 539 2229 568 est
2249 532 2356 581 quod

1880 584 1919 620 in
1941 583 1990 622 do
2010 591 2110 621 esset
2130 585 2187 621 2et
2208 585 2341 624 confes

1880 638 1948 674 tim
1968 638 2077 674 multi
2098 650 2273 676 conuene

1880 698 1967 727 runt
1987 692 2038 728 ita
2058 699 2098 728 ut
2118 692 2195 728 iam
2215 704 2295 730 non

1881 752 2034 793 caperet
2055 757 2176 793 usque
2197 745 2246 782 ad

1880 797 2036 834 ianuam
2055 804 2092 835 et
2112 798 2278 846 loqueba

1881 858 1942 888 tur
1961 852 2010 888 ad
2031 863 2097 888 eos
2117 853 2279 889 uerbum

1880 905 1952 942 ³Et
1971 912 2159 942 uenerunt
2179 906 2228 942 ad
2248 918 2337 944 eum

1881 958 2094 996 adferentes
2114 959 2247 1008 paraly

1881 1013 2000 1049 ticum
2038 1014 2102 1061 qui
2123 1014 2282 1062 portaba

1882 1073 1942 1103 tur
1961 1078 1983 1103 a
2004 1074 2181 1115 quattuor
2200 1067 2258 1103 ⁴et

1881 1132 1968 1157 cum
1991 1132 2069 1157 non
2090 1127 2219 1169 posset
2239 1120 2288 1158 ad

1882 1173 2017 1211 cedere
2038 1186 2103 1222 pre
2123 1175 2234 1211 turba

1882 1227 2173 1264 denudauerunt

1882 1287 2025 1318 tectum
2045 1281 2110 1318 ubi
2130 1287 2209 1318 erat
2228 1281 2287 1318 ihs

1882 1343 1919 1372 et
1940 1336 2213 1371 summiserunt

1882 1390 2099 1437 grabattum
2119 1389 2158 1425 in
2179 1400 2257 1437 quo

1882 1442 2029 1479 iacebat
2047 1442 2274 1491 paralyticus

1882 1496 2051 1533 5Uidens
2072 1502 2199 1533 autem
2221 1496 2279 1533 ihs
2300 1495 2325 1532 fi

1883 1550 1970 1587 dem
1990 1550 2140 1587 illorum
2178 1550 2229 1587 ait
2247 1562 2297 1599 pa

1883 1635 2060 1684 Ralytico
2082 1635 2132 1672 fili
2153 1635 2264 1672 remit

1882 1696 2010 1726 tuntur
2029 1689 2096 1726 tibi
2115 1695 2276 1738 peccata

1882 1743 2021 1779 ⁶Erant
2041 1750 2168 1780 autem
2189 1743 2264 1780 illic
2286 1743 2351 1791 qui

1881 1797 1971 1833 dam
1991 1796 2037 1833 de
2059 1797 2192 1834 scribis
2212 1797 2335 1833 sede·-

1880 1856 1937 1887 tes
1957 1857 1994 1887 et
2014 1851 2226 1899 cogitantes
2245 1851 2284 1886 in

1881 1904 2060 1941 cordibus
2081 1905 2156 1941 suis
2177 1910 2213 1941 et
2235 1905 2273 1941 di

1880 1965 2012 1995 centes
2050 1957 2162 2007 ⁷quid
2183 1957 2244 1995 hic
2265 1957 2318 1995 sic

1879 2011 2047 2060 loquitur
2066 2010 2224 2060 blasphe

1880 2072 1960 2102 mat
1980 2065 2065 2114 quis
2085 2071 2211 2114 potest
2231 2064 2340 2103 dimit

1880 2125 1958 2156 tere
1979 2125 2138 2167 peccata
2157 2119 2229 2156 nisi
2249 2131 2293 2156 so

1880 2172 1940 2210 lus
1960 2172 2007 2210 ds

1880 2226 1993 2273 ⁸Quo
2007 2225 2163 2275 cognito
2178 2225 2235 2263 ihs
2251 2225 2289 2262 in
2305 2228 2377 2274 spu

1880 2280 1973 2329 quid
1994 2281 2176 2328 cogitaret
2197 2280 2235 2316 in

1879 2340 1937 2371 tra
1956 2345 1996 2371 se
2017 2334 2110 2370 dixit
2130 2333 2221 2382 quid
2243 2344 2290 2370 co

1880 2388 2006 2436 gitatis
2026 2387 2065 2423 in
2086 2387 2267 2424 cordibus

1879 2441 2013 2478 uestris
2088 2440 2198 2490 ⁹quid
2218 2446 2276 2478 est

1878 2495 2025 2532 facilius
2046 2494 2171 2531 dicere
2191 2506 2242 2543 pa

1878 2548 2035 2597 ralytico
2055 2559 2167 2596 surge
2187 2554 2225 2584 et
2244 2546 2299 2585 tol

1878 2602 1913 2638 le
1933 2603 2133 2650 grabatum
2154 2608 2262 2638 tuum

1877 2662 1914 2692 et
1933 2655 2032 2692 uade
2053 2655 2091 2691 in
2111 2655 2271 2692 domum
2291 2660 2332 2691 tu

1877 2721 1941 2746 am
1960 2715 2024 2746 aut
2044 2708 2167 2746 dicere
2187 2709 2296 2745 dimit

1876 2770 2005 2800 tuntur
2024 2763 2091 2799 tibi
2112 2769 2270 2812 peccata
2289 2768 2356 2799 tua

1876 2816 1964 2854 ¹⁰Ut
1986 2817 2113 2854 sciatis
2136 2823 2264 2854 autem
2285 2816 2373 2866 quia

1877 2877 2107 2919 potestatem
2127 2870 2242 2908 habet
2262 2870 2287 2906 fi
