2504 3382
263 213 338 238 xiv.
359 212 489 238 21—xv.
511 196 584 251 κα]
640 198 684 235 E
687 197 756 237 UA
764 198 813 237 N
813 197 959 237 GELI
959 197 1047 236 UM
1073 196 1147 236 SE
1150 197 1183 235 C

264 288 346 318 1¹01.
361 288 437 319 127.

265 330 345 367 Suo
455 336 546 366 tunc
567 329 622 366 ira

263 390 323 421 tus
344 383 613 432 paterfamilias

264 437 359 474 dixit
380 449 490 474 seruo
511 449 583 474 suo
621 437 682 474 exi

264 491 339 528 cito
360 492 399 527 in
417 491 553 540 plateis
573 497 610 528 et
629 491 668 528 in
688 491 728 528 ui

263 545 318 582 cis
339 545 501 582 ciuitatis
539 551 576 582 et
595 556 673 593 pau

261 610 372 648 peres
391 610 436 636 ac
457 598 601 636 debiles
620 611 664 636 ce

261 664 329 690 cos
349 659 386 689 et
405 652 539 690 clodos
560 654 658 690 intro

261 705 337 743 duc
357 705 432 744 huc
481 705 550 743 226ῐ
570 707 619 744 ait
639 718 699 744 ser

261 771 334 797 uus
353 759 495 797 factum
515 768 571 797 est
592 761 667 797 dfie

262 813 358 851 sicut
378 814 557 863 inperasti
578 820 615 851 et

261 867 386 905 adhuc
407 868 558 905 locutus
578 875 635 905 est

262 918 291 941 ²³
300 920 349 958 Et
368 922 418 959 ait
439 921 524 959 dx'ns
545 933 656 959 seruo
676 921 738 958 exi

261 974 301 1011 in
320 975 402 1012 uias
422 982 458 1012 et
478 976 578 1012 circa
598 987 662 1013 sae

261 1040 330 1077 pes
350 1036 387 1066 et
407 1028 621 1077 conpellere

261 1082 399 1119 intrare
418 1088 460 1119 ut
479 1082 665 1131 inpleatur

262 1135 402 1172 domus
422 1147 509 1172 mea

261 1186 389 1226 2⁴Dic0
397 1195 524 1225 autem
532 1189 642 1226 uobis
650 1188 755 1239 quod

260 1254 377 1279 nemo
397 1242 564 1280 uirorum
584 1242 648 1279 illo

258 1307 344 1332 rum
365 1296 429 1344 qui
448 1297 576 1333 uocati
597 1303 684 1334 sunt

258 1350 467 1398 gustabunt
486 1362 620 1388 cenam

258 1415 388 1441 meam

260 1466 309 1493 XL
315 1467 388 1493 &111
396 1456 456 1494 25I
451 1457 541 1494 bant
549 1462 666 1495 aulem
675 1471 755 1496 cum

260 1510 326 1548 illo
347 1512 479 1549 turbae
513 1518 550 1549 et
571 1524 648 1550 con

259 1576 393 1603 uersus
413 1565 508 1603 dixit
528 1565 577 1603 ad
596 1565 682 1604 illos

259 1692 287 1716 ²⁶
296 1694 335 1732 Si
355 1694 440 1744 quis
459 1695 564 1732 uenit
584 1701 621 1733 et
641 1701 722 1733 no*

259 1749 339 1787 odit
359 1757 506 1798 patrem
526 1761 638 1786 suurn

259 1810 296 1840 et
316 1810 477 1840 matrem
498 1810 535 1840 et
554 1815 632 1840 uxo

259 1869 339 1894 rem
373 1864 410 1893 et
430 1857 526 1894 filios
560 1864 596 1894 et
616 1857 671 1894 fra

259 1918 336 1948 tres
366 1916 403 1947 et
422 1922 573 1948 sorores
593 1911 641 1948 ad

259 1964 334 2001 huc
356 1964 470 2001 etiam
491 1965 648 2002 anima-

260 2030 369 2056 suam
390 2030 469 2055 non
490 2025 615 2067 potest

258 2083 368 2109 meus
389 2072 597 2121 discipulus

257 2138 343 2164 esse
490 2125 561 2163 ²⁷et
581 2125 646 2175 qui

258 2191 338 2217 non
358 2180 452 2218 tollit
471 2192 624 2217 crucem

258 2245 366 2271 suam
387 2240 424 2271 et
445 2235 548 2271 uenit
568 2240 656 2283 post

257 2299 319 2325 me
340 2300 419 2325 non
439 2295 566 2336 potest
585 2300 625 2325 es

259 2353 299 2378 se
320 2353 428 2379 meus
450 2341 655 2390 discipulus

258 2394 286 2415 ²⁸
295 2394 391 2441 Quis
411 2407 458 2432 ex
478 2396 588 2433 uobis
608 2395 744 2433 uolens

258 2455 398 2486 turrem
418 2449 619 2487 aedificare

617 2512 639 2533 n

259 2557 388 2583 nonne
409 2546 511 2594 prius
531 2545 640 2584 sedes

259 2600 485 2649 conputauit
505 2612 617 2649 sump

258 2660 318 2690 tus
338 2653 403 2702 qui
424 2665 583 2691 necessa

257 2707 300 2744 rii
320 2714 407 2744 sunt
427 2707 457 2744 si
477 2707 592 2744 habet

258 2761 308 2798 ad
327 2760 664 2798 consummandu-

256 2814 340 2851 ²⁹ne
360 2822 498 2863 postea
517 2827 604 2853 cum
624 2828 676 2865 po

258 2869 371 2906 suerit
390 2868 602 2907 fundamen

258 2929 341 2959 tum
360 2929 397 2959 et
418 2935 497 2960 non
518 2930 635 2972 potue

259 2976 305 3013 rit
326 2976 516 3025 explicare
548 2989 613 3015 om

325 3063 475 3081 BUCHANAN

797 327 878 366 Nes
898 328 962 378 qui
983 328 1169 366 uidebunt

793 383 957 420 ³⁰dicent
977 383 1036 420 hic
1057 382 1174 419 homo

794 437 922 486 coepit
941 436 1138 473 aedificare

793 497 830 527 et
850 502 928 527 non
951 490 1071 539 potuit
1092 501 1168 526 con

793 556 986 581 summare

791 597 903 634 31Aut
923 597 1006 646 quis
1026 608 1092 634 rex
1113 595 1230 634 iturus

790 651 1015 689 conmittere
1034 650 1177 687 bellum

791 705 975 742 aduersus
995 704 1109 741 alium
1126 715 1166 740 re

789 771 877 807 gem
897 770 1027 795 nonne
1047 757 1186 795 sedens

787 813 892 861 prius
911 811 1092 861 cogitauit
1111 811 1142 848 si

789 866 954 915 potuerit
974 878 1063 903 curn
1084 865 1206 902 dece-

788 920 970 957 militibus
990 919 1144 957 obuiare

789 974 824 1011 ei
857 974 922 1022 qui
942 985 1029 1011 curn
1050 972 1184 1021 uiginti

789 1027 971 1064 militibus
991 1027 1094 1064 uenit
1115 1026 1162 1063 ad

789 1092 942 1117 uersum
963 1093 1004 1117 se
1023 1080 1230 1129 323110331-

790 1134 914 1171 adhuc
936 1134 999 1171 illo
1020 1134 1135 1182 longe

790 1195 926 1236 agente
947 1188 1070 1224 mittet
1093 1187 1178 1236 lega

788 1241 933 1279 tionem
955 1253 1097 1289 rogans

788 1306 926 1343 pacem

789 1348 889 1386 3³Sic
908 1358 1001 1397 ergo
1021 1360 1068 1386 ex
1088 1348 1200 1386 uobis
1220 1348 1286 1398 qui

790 1414 870 1440 non
889 1403 1075 1440 renuntiat
1094 1413 1159 1439 om

790 1458 902 1494 nibus
922 1469 1020 1506 quae
1041 1456 1212 1505 possidet

790 1522 870 1548 non
891 1517 1016 1559 potest
1035 1522 1144 1548 meus

790 1564 999 1614 discipulus
1018 1576 1102 1602 esse

789 1694 977 1732 3‘¹Bonum
998 1700 1055 1732 est
1074 1694 1128 1732 sal
1162 1694 1268 1745 quod

793 1748 823 1785 si
843 1748 898 1786 sal
919 1749 1114 1786 euanuerit
1133 1749 1172 1786 in

792 1815 870 1852 quo
891 1803 1090 1840 condietur
1120 1803 1204 1840 ³⁵ne

792 1869 866 1906 que
886 1857 925 1893 in
945 1863 1042 1893 terra
1062 1869 1188 1906 neque

792 1911 831 1947 in
853 1910 1067 1948 sterculinio
1087 1912 1140 1947 uti

791 1964 825 2001 le
846 1972 901 2001 est
921 1965 990 2002 sed
1010 1964 1102 2002 foris
1122 1965 1191 2001 mit

791 2024 889 2056 tetur
909 2018 974 2067 qui
994 2018 1110 2055 habet
1129 2031 1178 2056 au

791 2084 851 2109 res
872 2072 1052 2109 audiendi
1072 2073 1200 2110 audiat

790 2136 935 2162 XLUHH
952 2133 987 2163 15
1001 2125 1152 2163 1Erant
1168 2131 1284 2163 aulem

789 2180 906 2229 pliciti
926 2179 975 2216 illi
996 2192 1130 2218 omnes
1220 2178 1290 2233 [ad

789 2234 983 2283 publicani
1004 2241 1040 2271 et
1060 2247 1177 2283 pecca

790 2295 891 2325 tores
911 2294 951 2325 ut
972 2287 1146 2325 audirent

788 2341 895 2378 illurn

788 2394 857 2432 ΞΕ(
879 2396 1167 2433 murmurabant

789 2449 953 2498 pharisei
973 2457 1010 2486 et
1030 2450 1177 2487 scribae

788 2503 892 2553 quod
912 2503 972 2541 hic
992 2510 1150 2552 peccato

789 2569 849 2594 res
868 2557 1052 2606 reciperet
1072 2565 1108 2594 et
1127 2562 1221 2595 ma*

789 2611 942 2648 ducaret
962 2623 1049 2648 cum
1069 2612 1138 2648 illis

789 2665 858 2701 ³Et
879 2665 929 2701 ait
951 2664 998 2701 ad
1018 2665 1101 2703 illos
1122 2665 1179 2702 ihs
1200 2665 1284 2702 simi

790 2718 987 2755 litudinem
1008 2718 1107 2756 hanc
1129 2719 1167 2756 di

791 2785 882 2810 cens
934 2773 1040 2822 ⁴1quis
1060 2785 1106 2809 ex
1126 2773 1238 2810 uobis

790 2826 910 2864 homo
931 2826 995 2875 qui
1015 2826 1129 2865 habet
1149 2832 1220 2864 ce-

790 2888 873 2917 tum
893 2892 987 2917 oues
1007 2887 1043 2918 et
1064 2881 1093 2917 si
1114 2893 1194 2918 erra

790 2935 885 2972 uerit
906 2946 984 2972 una
1003 2947 1050 2972 ex
1070 2934 1141 2973 illis

1719 198 2018 239 LUCANUM

1357 284 1440 315 Fol.
1455 285 1534 315 128.

1358 326 1500 364 Nonne
1519 327 1680 365 dimittet

1357 381 1567 430 nonaginta
1587 389 1623 419 et
1643 394 1744 420 noue

1355 435 1395 471 in
1415 436 1608 472 montibus
1630 437 1668 472 in
1689 436 1736 473 de

1355 495 1456 526 serto
1475 496 1511 525 et
1530 489 1597 526 ibit
1617 489 1665 526 ad
1685 490 1789 527 illam

1355 554 1452 591 quae
1473 543 1610 579 errauit
1630 543 1755 581 donec

1353 596 1522 633 inueniat
1542 608 1628 633 eam
1649 597 1705 633 ⁵et
1723 609 1812 634 cum

1353 649 1542 686 inuenerit
1562 662 1648 687 eam
1668 650 1760 699 inpo

1354 703 1408 740 nit
1426 704 1465 740 in
1484 715 1637 741 umeros
1658 716 1748 741 suos

1352 757 1408 794 6et
1427 757 1586 794 ueniens
1606 757 1766 795 domum

1352 817 1538 848 conuocat
1557 811 1702 849 amicos

1352 871 1389 901 et
1407 865 1557 903 uicinos
1577 865 1708 903 dicens
1733 866 1753 903 c

1352 918 1423 956 illis
1496 919 1721 968 congratula

1352 972 1445 1008 mini
1465 984 1618 1010 mecum
1639 974 1729 1023 quia

1351 1026 1507 1063 inuenta
1527 1034 1583 1064 est
1602 1039 1695 1064 oues
1715 1039 1802 1065 mea

1354 1092 1453 1128 quae
1473 1081 1635 1129 perierat
1673 1081 1780 1119 ⁷dico

1353 1134 1463 1171 uobis
1483 1135 1588 1183 quod
1609 1135 1659 1171 ita
1679 1147 1755 1183 gau

1355 1187 1458 1224 diurn
1479 1188 1547 1224 erit
1567 1189 1605 1224 in
1625 1188 1734 1226 caelo

1354 1242 1392 1278 in
1412 1253 1491 1278 uno
1512 1248 1711 1291 peccatore

1354 1337 1602 1386 penitentiam
1623 1305 1750 1387 hage-

1354 1398 1432 1428 tem
1452 1403 1569 1441 quarn
1588 1393 1627 1429 in
1647 1405 1751 1430 nona

1353 1446 1460 1494 ginta
1479 1453 1516 1483 et
1535 1458 1678 1483 nouem
1698 1447 1757 1484 ius

1353 1501 1398 1536 tis
1418 1500 1484 1548 qui
1503 1512 1583 1537 non
1602 1500 1758 1550 indige-

1352 1554 1601 1602 penitentiam

1352 1608 1448 1645 8Aut
1468 1620 1543 1657 que
1563 1608 1698 1646 mulier
1717 1607 1767 1646 ha

1355 1692 1458 1731 Bens
1478 1694 1658 1744 dragmas

1355 1748 1490 1785 decem
1547 1750 1577 1786 si
1597 1749 1704 1799 perdi

1355 1801 1451 1839 derit
1472 1814 1589 1839 unam
1624 1816 1703 1841 non

1355 1868 1404 1892 ne
1425 1856 1612 1894 adcendet
1632 1857 1736 1895 lucer

1356 1921 1447 1946 narn
1467 1917 1502 1946 et
1522 1912 1650 1960 scopis
1670 1917 1764 1948 mu-

1356 1963 1459 2000 dauit
1479 1963 1639 2001 domum
1660 1971 1755 2003 sua-

1355 2024 1391 2054 et
1411 2018 1532 2066 querit
1552 2019 1696 2067 diligen

1354 2078 1409 2108 ter
1429 2071 1551 2109 donec
1571 2072 1701 2110 inueni

1354 2132 1392 2162 at
1466 2125 1523 2163 ⁹et
1543 2138 1632 2163 cum
1656 2127 1695 2164 in

1352 2180 1499 2216 uenerit
1519 2190 1708 2218 conuocat

1353 2233 1497 2271 amicas
1516 2241 1552 2271 et
1573 2235 1720 2272 uicinas

1353 2287 1482 2324 dicens
1503 2296 1688 2337 congratu

1354 2341 1484 2378 lamini
1505 2342 1598 2378 mihi
1620 2343 1722 2393 quod

1353 2395 1481 2432 inueni
1502 2396 1703 2445 dragmam

1353 2461 1469 2497 quam
1489 2450 1729 2498 perdideram

1355 2503 1450 2541 ¹⁰Ita
1466 2504 1553 2541 dico
1573 2505 1686 2542 uobis
1703 2506 1755 2543 sic
1775 2517 1851 2555 gau

1352 2557 1458 2594 dium
1477 2558 1546 2594 erit
1567 2570 1697 2596 coram

1354 2611 1514 2660 angelus
1535 2611 1574 2648 di
1594 2612 1632 2648 in
1652 2625 1730 2650 uno

1354 2673 1557 2713 peccatore
1577 2666 1733 2715 penite-

1354 2718 1447 2755 tiam
1469 2726 1649 2767 agentem

1354 2783 1376 2808 L
1395 2772 1500 2808 ”Ait
1514 2778 1631 2809 aulem
1649 2773 1750 2810 homo
1770 2774 1839 2822 qui

1355 2826 1443 2863 dam
1465 2826 1598 2864 habuit
1619 2827 1716 2865 duos

1354 2880 1449 2918 filios
1469 2878 1539 2917 ¹²et
1560 2880 1651 2917 dixit
1671 2881 1722 2918 illi
1742 2881 1816 2920 adu

1353 2934 1558 2972 lescentior
1578 2942 1682 2985 pater

2328 204 2378 253 65

1885 329 1948 368 Da
1967 331 2059 368 mihi
2079 331 2293 380 portionem

1885 385 2119 423 substantiae
2153 397 2252 435 quae

1885 450 1946 475 me
1969 439 2155 488 contingit
2192 446 2229 477 et
2249 439 2288 476 di

1884 492 1971 529 uisit
1992 493 2061 530 illis
2082 494 2318 531 substantiae

1885 557 1984 594 quae
2003 558 2065 584 me
2086 547 2271 596 contingit

1884 600 1955 636 13et
1974 612 2053 637 non
2075 608 2162 649 post
2182 601 2324 640 multos

1884 653 1964 690 dies
1984 655 2225 703 congregatis

1883 707 2063 744 omnibus
2114 708 2244 746 adules

1883 760 2029 797 centior
2049 761 2146 798 filius
2166 762 2253 810 pele

1882 825 1949 862 gre
1968 813 2160 863 profectus
2180 822 2237 853 est

1883 868 1922 904 in
1943 868 2141 916 regionem
2161 869 2228 906 lon

1882 921 2067 971 ginquam
2087 929 2123 960 et
2144 923 2194 960 ibi
2214 922 2272 961 dis

1883 976 2020 1024 sipauit
2041 977 2282 1014 substantia*

1883 1041 1992 1067 suam
2012 1029 2180 1068 uiuendo
2199 1031 2238 1068 lu

1883 1084 2058 1121 xuriosae

1883 1137 1966 1174 1⁴¹Et
1986 1146 2193 1187 postquam
2213 1138 2345 1175 omnia

1884 1192 2122 1240 consumpsit
2159 1191 2219 1229 fac

1884 1251 1924 1282 ta
1944 1250 2000 1281 est
2021 1244 2131 1282 famis
2151 1257 2220 1294 per
2239 1258 2280 1283 re

1885 1299 2042 1347 gionem
2062 1298 2164 1335 illam
2185 1304 2222 1336 et

1885 1352 2010 1400 coepit
2030 1358 2066 1389 et
2086 1353 2166 1399 ipse
2187 1364 2258 1401 ege

1885 1418 1924 1443 re
1956 1405 2027 1442 ¹⁵et
2047 1405 2165 1443 habiit
2184 1414 2220 1444 et
2240 1405 2339 1444 adhe

2216 1470 2234 1490 e

1884 1503 1931 1540 sit
1952 1503 2017 1539 uni
2039 1503 2181 1540 ciuium
2202 1504 2286 1553 rgio

1882 1557 1939 1594 nis
1960 1557 2056 1595 illius

1882 1611 1933 1648 Et
1954 1611 2014 1648 ille
2035 1611 2136 1648 misit
2154 1610 2259 1648 illum
2279 1611 2317 1648 in

1884 1697 2027 1735 Uillam
2048 1710 2156 1735 suam
2176 1705 2217 1735 ut
2236 1710 2307 1748 pas

1885 1759 1988 1789 ceret
2007 1764 2147 1801 porcos
2167 1751 2236 1790 ¹⁶et
2255 1765 2304 1790 cu

1885 1806 2012 1855 piebat
2031 1806 2177 1855 inplere
2197 1818 2273 1843 uen

1884 1866 1981 1897 trem
2003 1871 2114 1897 suum
2135 1860 2181 1897 de
2202 1860 2257 1896 sili

1885 1914 1969 1963 quis
1990 1925 2084 1963 quas
2105 1914 2213 1962 porci
2232 1921 2326 1952 ma-

1888 1968 2082 2005 ducabant
2101 1973 2138 2004 et
2157 1979 2273 2005 nemo

1883 2021 1935 2058 illi
1955 2021 2070 2058 dabat
2125 2021 2198 2057 ¹⁷in
2219 2034 2258 2058 se
2280 2033 2329 2059 au

1885 2075 1987 2112 Tem
2008 2087 2181 2112 reuersus
2201 2075 2293 2112 dixit

1885 2129 2017 2178 quanti
2037 2141 2244 2166 mercenna

1883 2183 1927 2220 rii
1947 2183 2063 2232 patris
2083 2184 2157 2220 mei
2178 2184 2281 2221 abun

1884 2246 1950 2318 dgt
1970 2280 2134 2329 panibus
2172 2293 2244 2329 ego

1884 2341 2012 2371 autern
2034 2334 2133 2371 same
2154 2334 2213 2372 hic
2232 2347 2281 2383 pe

1884 2400 1952 2425 reo
2008 2387 2196 2437 ¹⁸surgam
2217 2396 2253 2425 et
2273 2389 2337 2425 ibo

1885 2442 1933 2479 ad
1954 2448 2099 2490 patrem
2119 2454 2250 2479 meum

1885 2502 1922 2532 et
1942 2496 2070 2532 dicam
2090 2495 2152 2532 illi·
2173 2502 2281 2544 pater

1886 2549 2047 2598 peccaui
2067 2549 2105 2585 in
2126 2550 2209 2587 celo
2229 2556 2266 2587 et

1884 2615 2015 2640 coram
2034 2610 2069 2640 te
2090 2602 2198 2640 ¹⁹iam
2218 2609 2301 2641 no-

1885 2668 1970 2693 sum
1991 2657 2129 2705 dignus
2149 2669 2246 2695 noca

1885 2711 1914 2747 ri
1935 2710 2032 2747 filius
2052 2718 2139 2747 tuus
2159 2710 2216 2749 fac
2236 2723 2299 2748 me

1887 2764 1983 2801 sicut
2002 2777 2122 2801 unum
2143 2777 2189 2802 ex
2208 2777 2291 2803 mer

1888 2819 2077 2856 cennariis
2096 2819 2170 2856 tuis
2216 2818 2290 2857 ²⁰et

1888 2883 2047 2921 surgens
2066 2873 2172 2910 uenit
2192 2873 2242 2910 ad

1887 2933 2037 2975 patrem
2058 2938 2168 2963 suurn
2208 2931 2284 2964 cu‘

1888 2988 2017 3018 autem
2037 2980 2161 3019 adhuc
2181 2980 2246 3018 lon
