2504 3382
136 214 156 238 2
444 197 486 235 E
489 198 557 235 UA
564 196 614 236 N
613 196 759 235 GELI
760 195 852 233 ΠΜ

134 288 214 318 Pol.
233 289 264 317 3.

135 331 217 368 Nisi
238 331 275 367 in
296 329 469 367 belzebul
488 329 577 378 pri-

134 385 259 433 cipem
280 383 564 421 daemonioru-

134 437 302 475 ²⁵Sciens
323 444 452 474 autem
472 436 528 473 ihs
549 447 596 473 co

133 491 336 540 gitationes
356 501 488 528 eorum

134 545 225 581 dixit
245 545 309 581 eis·
393 555 508 581 omne
527 554 595 592 reg

133 610 227 634 num
247 597 410 634 diuisum
431 608 504 634 con

132 658 189 688 tra
209 663 248 687 se
268 650 460 688 desolatur
480 671 489 680 ·
510 655 546 686 et

132 705 259 741 omnis
279 705 410 741 ciuitas
429 703 491 740 uel

133 759 272 795 domus
293 758 414 794 diuisa
434 769 509 794 con

131 818 189 848 tra
205 823 245 848 se
261 823 340 848 non
356 811 480 848 stabit·
510 810 537 832 ²⁶
545 809 576 847 si

132 866 234 902 enim
255 872 405 901 satanas
425 871 506 901 sata

131 931 208 955 nan
230 919 314 955 eicit
333 918 516 955 aduersus

131 984 172 1009 se
188 972 330 1008 diuisus
345 978 401 1008 est
479 982 624 1019 quomo

132 1025 182 1062 do
203 1037 294 1073 ergo
314 1025 424 1061 stabit
444 1036 511 1073 reg

131 1090 224 1115 num
243 1078 322 1115 eius

131 1131 283 1177 ²⁷Quod
304 1131 334 1168 si
354 1142 427 1179 ego
449 1131 487 1167 in
507 1129 612 1167 belze

131 1185 195 1221 bul
211 1185 306 1222 eicio
328 1184 507 1221 demonia

130 1238 183 1274 fili
202 1239 316 1275 uestri
336 1239 374 1275 in
393 1250 469 1286 quo
489 1237 523 1274 ei

131 1292 235 1329 ciunt
255 1292 341 1328 ideo
360 1292 432 1340 ipsi
452 1291 529 1327 iudi

132 1357 194 1382 ces
215 1352 324 1382 erunt
344 1344 460 1381 uestri

131 1398 157 1420 ²⁸
167 1398 205 1435 Si
218 1405 345 1435 autern
358 1399 395 1434 in
406 1401 476 1446 spu
487 1396 542 1434 -di
550 1408 623 1445 ego

131 1452 228 1490 eicio
249 1452 428 1489 demonia
449 1472 457 1479 ·
479 1451 531 1487 uti

131 1517 204 1554 que
225 1505 464 1554 adpropiauit
484 1505 524 1541 in

129 1570 201 1596 uos
221 1571 382 1608 regnum
402 1557 441 1595 di

129 1698 156 1719 ²⁹
165 1696 373 1743 Quomodo
393 1702 519 1744 potest
539 1696 623 1746 quis

130 1751 268 1787 intrare
289 1751 328 1786 in
349 1750 509 1787 domum

130 1804 237 1841 sortis
258 1811 292 1840 et
312 1815 402 1840 uasa
422 1804 504 1840 eius

129 1857 287 1906 diripere
306 1857 377 1894 nisi
397 1857 500 1905 prius

130 1911 337 1959 alligauerit
355 1911 479 1947 forte*

130 1970 166 2001 et
186 1972 276 2001 tunc
296 1964 455 2001 domum
474 1963 572 2000 illius

131 2017 274 2065 diripiet

129 2071 158 2091 ⁸⁰
168 2071 244 2116 Qui
266 2082 344 2108 non
365 2076 420 2107 est
441 2082 592 2107 mecum

130 2132 263 2161 contra
282 2135 343 2160 me
363 2129 419 2160 est
440 2131 475 2160 et
495 2124 560 2173 qui

130 2189 210 2214 non
231 2185 439 2225 congregat
458 2189 520 2215 me

129 2243 216 2268 cum
237 2231 420 2279 dispargit

130 2284 258 2321 ⁸¹Ideo
279 2284 365 2321 dico
386 2284 495 2321 uobis
515 2295 580 2320 om

130 2350 177 2374 ne
197 2344 396 2386 peccatum
418 2344 454 2374 et
474 2337 556 2374 blas

130 2391 281 2439 phemia
301 2391 508 2428 remittetur

130 2444 345 2481 hominibus
367 2466 375 2474 ·
397 2447 461 2492 sps
481 2448 600 2481 aute-

131 2497 365 2545 blasphemia
385 2510 464 2535 non

131 2552 337 2587 remittetur
357 2551 462 2588 homi

132 2604 242 2640 nibus

132 2655 215 2693 3²Et
235 2656 463 2705 quicumque
487 2657 574 2695 dixe

131 2710 176 2746 rit
195 2710 353 2746 uerbum
375 2710 491 2746 aduer

132 2775 217 2800 sum
238 2763 355 2798 filium
375 2762 480 2799 homi

131 2816 190 2853 nis
210 2816 417 2852 remittetur
438 2816 471 2852 ei

132 2869 197 2918 qui
218 2875 343 2906 autern
364 2869 498 2905 dixerit

133 2929 265 2960 contra
285 2924 383 2972 sprn·
405 2926 498 2959 scm·

661 326 752 364 Non
772 326 981 364 remittetur

660 381 694 417 ei
713 392 838 429 neque
857 380 896 416 in
916 379 989 417 hoc
1010 391 1073 417 sae

662 434 747 471 culo
768 445 892 482 neque
912 434 951 469 in
970 433 1094 470 futuro

659 488 686 508 ³³
694 487 771 524 Aut
791 486 903 524 facite
923 488 1097 524 arborem

659 541 803 578 bonam
823 547 860 577 et
881 540 1044 578 fructum

659 595 738 631 eius
760 595 905 631 bonum
960 600 1024 630 aut
1043 593 1080 630 fa

660 648 731 686 cite
751 648 927 685 arborem
947 647 1075 684 mala-

659 708 696 738 et
714 701 877 738 fructum
897 701 977 737 eius
998 712 1061 737 ma

658 755 736 791 lum
757 767 803 791 ex
822 754 945 791 fructu
965 754 1055 791 eni*

659 809 771 846 arbor
790 814 1045 856 cognoscetur

659 862 900 910 84Progenies
921 861 1126 909 uiperaru‘

659 914 854 964 quomodo
875 914 1031 962 potestis

659 970 762 1005 bona
782 968 886 1016 loqui
907 979 994 1004 curn
1016 967 1047 1003 si

658 1022 703 1058 tis
723 1021 813 1057 mali
833 1033 879 1058 ex
899 1020 1081 1057 abunda*

658 1076 707 1112 tia
728 1074 831 1111 enim
851 1073 975 1111 cordis
996 1085 1039 1110 os
1059 1073 1096 1111 lo

658 1128 785 1176 quitur

657 1181 824 1218 35Βο11113
843 1180 963 1217 homo
983 1179 1029 1217 de
1045 1180 1150 1218 bono

658 1235 862 1272 thensauro
883 1233 1026 1282 profert

658 1289 761 1325 bona
780 1295 817 1324 et
837 1288 958 1324 malus
979 1287 1096 1325 homo

660 1343 707 1379 de
728 1341 830 1377 malo
850 1348 1030 1378 tensauro

659 1395 800 1444 profert
820 1394 921 1431 mala

657 1448 791 1486 3‘³Dico
807 1454 934 1484 autem
948 1447 1058 1484 uobis
1071 1459 1150 1496 quo

658 1503 762 1539 niam
783 1513 899 1538 omne
919 1502 1073 1537 uerbu-

658 1557 823 1593 otiosum
844 1555 948 1605 quod
970 1554 1086 1592 locuti

657 1694 811 1731 Fuerint
831 1694 1007 1731 homines
1027 1693 1095 1731 red

657 1748 748 1784 dent
768 1747 813 1784 de
834 1759 880 1785 eo
899 1748 1072 1784 ratione*

657 1802 694 1837 in
717 1801 775 1837 die
796 1801 920 1838 iudicii
941 1800 1074 1837 3⁷unus

656 1856 815 1903 quisque
836 1855 938 1891 enim
958 1867 1004 1891 ex
1025 1865 1091 1891 uer

655 1909 711 1944 bis
734 1908 810 1945 suis
831 1908 1049 1945 condemna

655 1962 755 1998 uitur
941 1959 1096 2013 [derunt
1115 1961 1148 1998 ei

656 2015 829 2051 XXXHIna
858 2014 971 2052 Tunc
991 2026 1149 2064 respon·

655 2069 809 2117 quidam
829 2068 875 2105 de
896 2068 1029 2105 scribis

655 2130 691 2159 et
711 2123 892 2171 parisaeis
912 2122 1023 2159 dicen

655 2183 711 2213 tes
731 2177 912 2224 magister
932 2175 1112 2212 uolumus

655 2242 677 2265 a
697 2236 732 2266 te
754 2231 905 2278 signum
925 2229 1054 2266 uidere

655 2283 682 2303 ³⁹
692 2282 756 2319 Ihs
769 2291 893 2319 autem
909 2282 1148 2331 respondens

655 2336 704 2373 ait
724 2336 795 2373 illis
815 2337 1008 2385 generatio
1028 2347 1091 2373 ma

655 2389 690 2426 la
710 2396 747 2426 et
766 2389 934 2426 adultera
954 2390 1095 2436 signu-

656 2443 799 2492 quaerit
818 2450 854 2479 et
874 2443 1026 2491 signum

655 2509 735 2533 non
756 2496 902 2533 dabitur
922 2498 955 2533 ei
976 2495 1047 2533 nisi

655 2551 808 2598 signum
828 2550 939 2587 ionae
959 2561 1029 2598 pro

657 2603 754 2641 fetae
776 2624 782 2632 ·
805 2603 936 2640 ⁴⁰sicut
955 2603 1056 2640 enirn
1078 2602 1116 2639 su

656 2658 682 2694 it
701 2657 809 2694 ionas
828 2657 865 2693 in
885 2664 1014 2694 uentre
1035 2656 1129 2694 caeti

657 2711 774 2747 tribus
795 2710 927 2747 diebus
949 2717 984 2747 et
1003 2710 1087 2747 trib·

657 2764 831 2801 noctibus
851 2764 906 2800 sic
925 2764 993 2800 erit
1012 2770 1048 2801 et

658 2816 754 2853 filius
774 2817 940 2854 hominis
961 2818 999 2853 in
1019 2828 1086 2854 cor

659 2870 729 2906 dae
750 2877 868 2907 terrae
887 2878 923 2907 ct
943 2871 1060 2907 tribus
1081 2870 1118 2907 di

658 2923 751 2959 ebus
772 2929 807 2959 et
827 2924 945 2960 tribus
967 2924 1106 2961 noctib-

1560 196 1647 233 MA
1660 196 1866 234 TTEUM
1926 194 2012 250 [x11.
2035 210 2188 244 24-xm.
2211 202 2243 236 8.

1214 284 1295 312 Fol.
1312 284 1347 313 4.

1221 325 1339 362 ssUiri
1358 324 1551 362 nineuitae
1570 336 1676 362 resur

1221 385 1312 428 gent
1331 379 1370 415 in
1389 378 1530 415 iudicio
1549 390 1638 415 cum

1222 431 1468 481 generatione
1488 431 1558 468 ista
1578 439 1615 468 et

1222 485 1533 523 condemnabunt
1552 489 1630 522 ea-

1222 540 1310 588 quia
1330 538 1645 587 penitenitentia-

1221 598 1379 640 egerunt
1399 592 1437 628 in
1458 591 1636 640 praedica

1222 646 1323 683 tione
1343 646 1454 683 ionae
1473 651 1509 682 et
1528 657 1618 683 ecce

1222 699 1306 747 plus
1327 711 1444 748 quam
1464 699 1553 736 iona

1221 752 1249 774 4²
1258 753 1408 800 Regina
1428 752 1541 789 austri
1560 763 1666 789 resur

1221 814 1283 854 get
1304 807 1342 842 in
1361 806 1500 843 iudicio
1521 817 1608 843 cum
1629 817 1677 853 ge

1221 860 1418 896 neratione
1437 860 1509 896 ista
1526 866 1562 896 et
1582 866 1663 896 co-

1221 913 1414 950 demnauit
1434 924 1519 949 eam
1539 913 1630 961 quia

1220 967 1324 1003 benit
1343 967 1391 1003 ab
1411 966 1550 1003 ultimis
1570 978 1639 1014 par

1220 1020 1319 1057 tibus
1339 1027 1459 1057 terrae
1479 1019 1610 1057 audire

1221 1074 1446 1122 sapientiam
1467 1073 1616 1110 solomo

1221 1128 1280 1163 nis
1299 1134 1336 1163 et
1355 1139 1443 1164 ecce
1463 1126 1548 1175 plus
1568 1127 1629 1164 hic

1221 1192 1337 1228 quam
1358 1180 1537 1217 solomon

1220 1235 1247 1254 ⁴³
1256 1233 1356 1271 Cum
1376 1241 1502 1271 autern
1522 1234 1657 1270 inmun

1221 1287 1292 1324 dus
1313 1290 1377 1335 sps
1397 1288 1527 1324 exierit
1547 1288 1595 1324 ab
1615 1286 1666 1324 ho

1220 1341 1322 1377 mine
1343 1340 1510 1377 ambulat
1529 1353 1597 1389 per

1219 1394 1301 1432 loca
1321 1394 1424 1431 arida
1443 1405 1630 1443 quaerens

1219 1447 1388 1496 requiem
1409 1454 1445 1484 et
1465 1459 1543 1484 non
1563 1447 1602 1483 in

1219 1501 1347 1537 ueniet
1366 1501 1493 1537 “tunc
1515 1500 1603 1537 dicit
1622 1512 1663 1538 re

1220 1560 1345 1591 uertar
1364 1554 1404 1590 in
1424 1554 1583 1590 domum

1219 1692 1351 1730 Meam
1372 1692 1474 1729 unde
1495 1692 1595 1730 exiui

1219 1753 1255 1783 et
1276 1746 1436 1783 ueniens
1455 1746 1600 1784 inuenit

1218 1812 1303 1837 earn
1324 1808 1526 1837 uacantem

1219 1854 1346 1902 scopis
1365 1853 1606 1890 mundanta-

1217 1914 1253 1944 et
1273 1912 1448 1944 ornatam
1468 1907 1595 1944 ⁴1⁵tunc

1217 1961 1320 1998 uadit
1340 1968 1376 1998 et
1396 1961 1560 1997 adsumit

1219 2026 1350 2051 secum
1371 2021 1517 2063 septem
1537 2013 1631 2051 alios

1219 2071 1283 2116 sps
1305 2088 1313 2096 ·
1335 2068 1537 2117 nequiores
1558 2079 1599 2105 se

1218 2128 1255 2158 et
1275 2122 1507 2158 introeuntes
1528 2121 1577 2158 ha

1218 2176 1338 2212 bitant
1358 2175 1397 2211 in
1417 2187 1463 2212 eo
1484 2182 1519 2211 et
1539 2175 1633 2212 fiunt

1218 2229 1427 2266 nouissima
1445 2228 1612 2265 hominis

1216 2282 1313 2319 illius
1333 2283 1462 2330 peiora
1481 2282 1604 2331 magis

1217 2348 1334 2385 quam
1356 2336 1481 2383 priora
1502 2337 1554 2372 sic
1575 2335 1642 2373 erit

1217 2389 1452 2437 generationi
1472 2389 1559 2426 huic

1216 2443 1404 2491 pessimae
1553 2440 1712 2494 [quente

1218 2496 1409 2533 xxxt⁷111⁴⁶
1440 2495 1550 2533 Haec
1580 2508 1627 2533 eo
1657 2496 1712 2534 lo-

1217 2550 1265 2586 ad
1287 2551 1416 2586 turbas
1437 2561 1527 2586 ecce
1547 2561 1611 2587 rna

1216 2610 1271 2640 ter
1291 2604 1370 2640 eius
1391 2609 1428 2640 et
1448 2603 1579 2640 fratres

1217 2658 1368 2693 stabant
1388 2656 1479 2693 foris
1499 2668 1598 2705 quae

1217 2718 1341 2747 rentes
1362 2710 1465 2758 loqui
1487 2722 1574 2746 curn
1595 2721 1642 2746 eo

1216 2764 1242 2783 ⁴¹⁷
1252 2764 1343 2800 dixit
1364 2771 1492 2800 autem
1511 2764 1545 2800 ei
1566 2762 1712 2812 quida-

1218 2829 1306 2854 ecce
1327 2825 1446 2854 mater
1465 2824 1529 2854 tua
1549 2824 1586 2853 et

1218 2870 1349 2907 fratres
1369 2871 1421 2907 tui
1440 2868 1530 2906 foris
1551 2876 1652 2908 stant

1182 2947 1186 2972 ¹.
1219 2931 1443 2972 quaerentes
1462 2922 1567 2972 loqui

1750 325 1900 364 Tecum
1913 326 1997 363 483ς1
2010 326 2090 375 ipse
2103 331 2244 376 respo-

1749 379 1843 416 dens
1864 379 2004 417 dicenti
2025 380 2093 417 sibi
2113 380 2164 417 ait

1748 445 1847 482 quae
1866 439 1922 470 est
1943 440 2064 470 mater
2083 445 2170 471 mea

1747 493 1813 522 aut
1831 486 1962 523 fratres
1983 487 2059 524 mei

1747 538 1830 575 ⁴⁹Et
1849 539 2058 577 extendens
2078 546 2226 577 manu*

1747 592 1787 628 in
1808 592 2013 641 discipulos
2033 605 2122 630 suos
2142 593 2181 629 di

1747 645 1801 681 xit
1823 665 1831 674 ·
1853 657 1943 682 ecce
1962 653 2083 683 mater
2103 658 2188 684 mea

1747 705 1784 735 et
1803 698 1936 735 fratres
1955 699 2032 736 mei
2051 699 2152 748 ⁵⁰qui

1748 763 1915 800 cumque
1935 752 2038 788 enim
2057 752 2139 789 fece

1746 806 1793 842 rit
1812 805 2010 843 uoluntate
2028 805 2143 853 patris

1747 859 1822 896 mei
1843 859 1907 908 qui
1923 859 1963 895 in
1983 859 2072 895 celis
2091 864 2148 895 est

1747 913 1829 961 ipse
1848 924 1956 949 meus
1975 911 2090 949 frater
2108 918 2146 949 et

1748 978 1854 1003 soror
1874 972 1910 1003 et
1928 971 2050 1002 mater
2069 971 2127 1002 est

1748 1028 1928 1055 xxxzmrr
1945 1018 1997 1056 13¹
2027 1017 2073 1055 In
2099 1018 2163 1056 illa
2181 1017 2244 1056 die

1952 1070 2049 1124 [exit
2068 1072 2125 1109 ihs
2145 1079 2181 1110 et
2201 1084 2243 1110 se

1746 1126 1861 1164 debat
1882 1138 1991 1163 secus
2011 1138 2117 1164 mare

1747 1182 1805 1217 ²et
1825 1186 2105 1228 congraegatae

1747 1241 1835 1271 sunt
1854 1234 1902 1271 ad
1922 1245 2011 1270 eum
2032 1240 2090 1270 tur

1746 1289 1816 1324 bae
1837 1287 1887 1324 ita
1906 1294 1946 1324 ut
1965 1287 2005 1323 in
2024 1286 2166 1324 nauicu

1746 1341 1822 1378 lam
1843 1340 2062 1378 ascenderet

1747 1395 1879 1432 sedere
1901 1415 1909 1424 ·
1930 1399 1966 1431 et
1987 1405 2122 1431 omnes

1746 1449 1881 1485 turbae
1901 1448 2051 1484 stabant
2070 1447 2110 1483 in

1746 1501 1853 1538 litore

1748 1553 1820 1590 ³Et
1839 1554 1988 1591 locutus
2008 1559 2064 1590 est
2082 1552 2132 1590 ad
2151 1564 2219 1591 eos

1748 1607 1866 1644 multa
1886 1608 1925 1643 in
1944 1606 2136 1656 parabolis

1747 1692 1892 1730 Dicens
1911 1704 2000 1730 ecce
2019 1692 2111 1729 exiit

1747 1747 1812 1796 qui
1832 1746 1993 1784 seminat
2013 1746 2161 1783 semina

1744 1813 1785 1837 re
1805 1801 1861 1837 ⁴et
1881 1811 1969 1837 cum
1991 1800 2153 1837 seminat

1746 1853 1935 1903 quaedam
1955 1853 2173 1890 ceciderunt

1747 1919 1858 1945 secus
1878 1907 1980 1944 uiam
2001 1914 2037 1943 et
2056 1918 2155 1943 uene

1745 1968 1833 1998 runt
1853 1960 2027 1998 uolucres
2047 1967 2084 1997 et
2103 1971 2151 1997 co

1747 2014 1946 2052 mederunt
1966 2025 2011 2050 ea
2030 2013 2151 2062 ⁵quae

1746 2068 1836 2105 dam
1855 2074 1982 2104 autem
2003 2066 2157 2104 caecide

1746 2128 1832 2158 runt
1852 2121 1890 2157 in
1910 2128 2060 2169 petrosa
2080 2120 2145 2156 ubi

1746 2187 1825 2212 non
1844 2175 2009 2211 habebat
2028 2178 2158 2210 terra*

1745 2228 1905 2265 multam
1925 2234 1961 2265 et
1981 2227 2163 2265 continuo

1745 2282 1904 2319 exhorta
1924 2288 2012 2318 sunt
2032 2281 2121 2330 quia

1744 2348 1824 2373 non
1843 2335 2036 2372 habebant
2055 2334 2118 2371 alti

1744 2389 1914 2426 tudinem
1935 2395 2052 2425 terrae
2072 2388 2084 2407 ⁶
2098 2388 2177 2425 sole

1745 2449 1871 2479 autem
1891 2449 1973 2478 orto
1993 2448 2124 2478 aestua

1745 2502 1881 2533 uerunt
1901 2503 1937 2532 et
1956 2496 2045 2544 quia
2063 2506 2144 2531 non

1744 2549 1938 2586 habebant
1958 2549 2125 2586 radicem

1744 2609 1921 2640 aruerunt
1941 2602 2034 2639 ⁷alia
2054 2607 2169 2638 aute-

1746 2657 1962 2694 ceciderunt
1982 2656 2021 2692 in
2042 2655 2161 2703 spinis

1745 2717 1781 2747 et
1802 2715 1999 2747 creuerunt
2019 2708 2152 2756 spinae

1745 2770 1781 2801 et
1803 2762 2084 2800 suffocauerunt
2104 2772 2150 2797 ea

1745 2816 1850 2852 8Alia
1870 2826 1961 2851 uero
1980 2814 2222 2852 caeciderunt

1745 2869 1784 2906 in
1805 2877 1941 2906 terram
1961 2868 2104 2904 bonam

1745 2929 1781 2959 et
1802 2922 1943 2959 dabant
1960 2920 2126 2958 fructum
