2504 3382
292 208 400 234 xvm.
420 208 566 241 30—X1x.
589 192 659 246 27.]
715 194 1123 234 EUANGELJUM
1149 196 1260 234 SEC

293 283 376 312 ποι.
392 283 470 312 135.

295 324 469 373 Recipiat
490 323 628 373 septies
648 330 715 361 tan

293 387 375 415 tum
395 379 433 414 in
454 378 527 415 hoc
547 384 720 426 tempore

292 432 332 468 in
353 430 483 469 seculo
503 437 631 468 autem
651 437 728 469 ue-

292 491 379 522 turo
398 485 516 521 uitam
537 492 641 522 aeter

292 550 384 576 nam
403 539 614 587 possidebit

292 602 345 628 Lx
362 591 425 628 ³¹A
433 593 614 641 dsumpsz't
629 597 747 630 aulem

292 646 350 683 ihs
370 645 573 683 duodecim
593 645 651 683 dis

291 699 440 749 cipulos
460 707 496 736 et
516 700 567 737 ait
587 700 656 736 illis
677 712 720 738 ec

291 765 335 791 ce
357 753 598 791 ascendimus
618 753 678 790 ihe

292 807 474 845 rosolima
492 814 528 844 et
549 813 700 844 consu-

290 862 496 898 mabuntur
515 861 648 898 omnia

644 923 701 954 per

290 970 365 1007 que
387 958 524 1007 scripta
544 964 632 995 sunt
652 957 700 1005 de

289 1011 497 1060 prophetas
516 1011 562 1047 de
583 1011 659 1048 filio
680 1011 731 1048 ho

289 1065 403 1102 minis
489 1064 690 1101 3²tradetur

289 1118 392 1155 enirn
412 1118 589 1166 gentibus
609 1124 643 1154 et
665 1118 704 1154 in

288 1171 440 1209 ludetur
459 1178 495 1208 et
515 1178 685 1219 expuent

289 1225 329 1262 in
350 1237 439 1262 eum
458 1225 530 1261 33et
548 1224 702 1273 flagella

287 1286 369 1316 tum
389 1278 567 1316 occident
586 1278 691 1314 illum

287 1338 324 1369 et
344 1333 452 1370 tertia
472 1332 531 1369 die
551 1344 658 1369 resur

287 1393 350 1435 get

285 1440 370 1477 ³⁴Et
388 1439 459 1489 ipsi
479 1439 571 1477 nihil
586 1439 724 1477 horum
744 1439 783 1476 in

286 1494 512 1531 tellexerunt
548 1501 585 1531 et
604 1500 685 1530 erat

286 1549 448 1585 uerbum
469 1547 652 1586 abscondi

286 1609 369 1639 tum
388 1602 437 1639 ab
457 1602 511 1639 eis
531 1614 578 1639 ex
598 1601 655 1639 his
675 1613 751 1650 que

286 1687 451 1726 Dicebat

285 1741 480 1780 ⁸⁵Factum
501 1747 557 1779 est
575 1748 701 1779 autem

285 1796 377 1833 dum
397 1796 640 1845 adpropiaret

285 1849 425 1887 iherico
481 1856 518 1886 et
537 1861 636 1887 unus

286 1915 426 1941 caecus
447 1903 605 1940 sedebat
626 1915 666 1940 se

284 1969 353 1995 cus
372 1958 475 1994 uiam
495 1957 626 1994 mendi

285 2024 379 2049 cans
398 2011 470 2048 8‘³et
491 2023 579 2049 cum
600 2010 689 2048 audi

284 2071 340 2102 ret
359 2066 510 2102 turbam
530 2072 635 2114 prete

283 2126 458 2157 reuntem
479 2119 618 2156 interro

282 2174 400 2222 gabat
420 2172 511 2223 quid
533 2172 606 2210 hoe
626 2184 667 2209 es

282 2233 339 2264 set
484 2226 681 2263 ³⁷dixeru‘·

283 2288 410 2318 autem
431 2281 465 2318 ei
486 2280 588 2330 quod
610 2280 667 2318 ihs

281 2346 468 2372 nazoreus
487 2334 618 2372 transit

281 2388 368 2425 38Εἴ
381 2388 560 2426 clamauit
573 2388 705 2426 dicens
721 2387 779 2426 ihs

282 2442 335 2479 fili
356 2442 471 2479 dauid
490 2443 671 2479 miserere

281 2496 357 2532 mei

281 2549 366 2586 ³⁹Et
386 2549 451 2598 qui
471 2549 644 2598 preibant
663 2549 767 2588 incre

281 2604 427 2652 pabant
446 2615 535 2640 eum
569 2610 609 2640 ut
628 2610 667 2641 ta

282 2664 387 2695 ceret

281 2710 369 2760 Ipse
396 2723 486 2749 uero
506 2710 626 2749 multo
645 2722 710 2749 ma

280 2765 339 2814 gis
359 2765 551 2803 clamabat
584 2765 635 2801 fili
656 2764 706 2803 da

279 2818 346 2856 uid
366 2819 544 2856 miserere
564 2819 640 2856 mei

280 2872 430 2910 ⁴¹⁰Stans
448 2880 576 2911 autem
596 2873 653 2911 ihs
673 2873 731 2911 ius

280 2926 327 2965 sit
346 2926 453 2965 illum
473 2926 610 2966 adduci
631 2933 668 2965 et

822 324 923 363 Cum
943 325 1148 375 adpropias

821 385 876 416 set
896 379 1143 428 interrogauit

821 432 927 469 illurn
947 433 1111 470 ⁴ssdicens
1131 432 1224 482 quid

821 486 890 523 tibi
910 487 968 523 uis
989 486 1126 525 faciam

820 539 884 577 Ad
904 540 964 578 ille
984 540 1077 578 dixit
1096 546 1137 577 ut
1156 539 1244 577 uide

821 605 885 630 am
906 593 994 631 dffre

820 647 904 684 42Εἰ
924 646 1161 696 respondens
1182 646 1274 684 dixit

820 700 871 738 illi
891 701 949 738 ihs
968 701 1113 749 respice
1134 700 1229 738 fides

820 761 886 792 tua
905 761 941 792 te
962 754 1110 791 saluum
1131 753 1217 792 fecit

820 808 903 845 ⁴³Et
923 808 1123 846 confestim
1142 807 1234 846 uidit
1254 813 1290 846 et

821 863 1051 910 sequebatur
1066 873 1155 899 eum

819 915 1072 964 magnificans
1086 914 1153 952 dm

820 976 858 1007 et
878 981 1015 1007 omnes
1037 969 1143 1018 plebs
1164 975 1203 1006 ut

819 1023 913 1060 uidit
933 1022 1036 1060 dedit
1055 1022 1108 1060 do
1127 1023 1189 1060 lau

821 1076 910 1113 dem

824 1139 859 1167 19
879 1130 947 1166 1Et
966 1130 1160 1178 ingressus
1183 1142 1314 1179 peram

818 1183 975 1220 bulabat
996 1183 1135 1221 hierico

820 1247 891 1272 LXI
906 1236 983 1273 2Et
998 1250 1070 1274 ecce
1089 1238 1155 1273 uir
1173 1239 1315 1275 nomine

818 1290 1005 1328 zaccheus
1061 1297 1097 1328 et
1117 1291 1178 1328 hic

817 1351 896 1381 erat
916 1345 1096 1394 princeps
1117 1344 1222 1393 publi

819 1410 1004 1436 canorum
1053 1406 1090 1436 et
1112 1399 1192 1447 ipse

818 1452 925 1490 diues
945 1459 1025 1489 erat
1063 1452 1118 1489 3et
1138 1464 1213 1501 que

816 1506 923 1543 rebat
942 1506 1022 1543 ihm
1041 1506 1171 1543 uidere

817 1560 903 1610 quis
923 1567 1023 1598 esset
1042 1567 1078 1597 et
1097 1572 1177 1598 non
1197 1572 1249 1610 po

817 1688 936 1726 Terat
956 1700 1024 1738 pre
1043 1690 1154 1726 turba
1169 1689 1260 1738 quia

817 1749 961 1780 statura
979 1742 1135 1792 pusillus
1155 1749 1234 1781 erat

817 1797 874 1834 4et
894 1809 1122 1846 precurrens
1142 1803 1260 1834 asce-

817 1850 870 1888 dit
891 1851 929 1887 in
950 1851 1125 1888 arborem
1146 1863 1238 1900 syco

815 1916 967 1942 morum
986 1910 1028 1941 ut
1046 1904 1192 1942 uideret

815 1958 922 1995 illum
978 1958 1067 2008 quia
1088 1958 1150 1995 illa
1172 1971 1241 2008 par

814 2018 849 2049 te
871 2018 949 2049 erat
970 2012 1194 2049 transiturus

815 2065 884 2103 ⁵Et
900 2065 1042 2103 factum
1055 2073 1111 2103 est
1124 2066 1215 2103 dum
1229 2072 1312 2103 tra-

815 2120 861 2157 sit
881 2119 939 2157 ihs
960 2120 1054 2157 uidit
1075 2120 1179 2156 illum
1202 2132 1266 2157 sur

815 2185 900 2211 sum
922 2174 1112 2222 aspiciens
1133 2181 1170 2211 et
1190 2174 1228 2211 di

815 2227 869 2264 xit
889 2227 938 2264 ad
958 2239 1046 2264 eum
1080 2227 1266 2266 zaccheae

815 2281 1000 2318 festinans
1021 2281 1162 2318 descen

814 2334 861 2373 de
883 2336 972 2384 quia
992 2335 1029 2372 in
1051 2335 1168 2373 domo
1188 2341 1252 2373 tua

813 2395 962 2437 oportet
981 2401 1043 2426 me
1061 2389 1207 2438 prande

812 2454 852 2479 re
872 2442 986 2480 hodie

812 2496 881 2533 6Εῑ
902 2496 1085 2534 festinans
1104 2496 1243 2535 descen

812 2550 865 2587 dit
884 2557 920 2587 et
939 2551 1091 2600 excepit
1110 2551 1214 2588 illurn

812 2603 986 2652 gaudens
1059 2605 1115 2642 ⁷et
1134 2617 1223 2642 cum

812 2657 985 2696 uiderent
1004 2670 1093 2696 eum
1112 2671 1178 2696 om

811 2723 880 2749 nes
901 2724 1148 2749 murmuraue

811 2771 900 2802 runt
920 2766 1025 2815 quod
1046 2766 1094 2803 ad
1114 2766 1221 2803 homi

811 2831 900 2856 nem
920 2827 1161 2868 peccatorem

811 2873 964 2911 diuertit
983 2886 1139 2912 manere

809 2927 944 2966 ⁸Stans
970 2934 1095 2967 autem
1118 2926 1306 2967 zaccheus

1751 199 1786 235 L
1795 197 1901 236 UCA
1909 198 1959 237 N
1958 199 2045 237 ΠΜ

1383 283 1465 312 Fol.
1482 284 1561 313 136.

1383 325 1490 362 Dixit
1510 326 1558 362 ad
1578 325 1669 363 dom
1726 339 1816 365 ecce

1383 378 1580 416 dimidium
1601 381 1779 418 bonoru-

1382 444 1557 469 meorum
1579 433 1665 471 dr‘ne
1686 434 1736 471 do
1755 446 1831 483 pau

1382 486 1535 534 peribus
1590 493 1627 523 et
1647 488 1676 524 si
1697 488 1787 537 quid

1382 539 1493 576 alicui
1513 539 1685 577 fraudaui
1707 541 1773 578 red

1383 592 1433 630 do
1453 593 1710 642 quadruplum

1381 646 1467 684 ⁹Ait
1487 653 1615 684 autem
1635 647 1693 684 ihs
1712 647 1761 684 ad
1779 647 1864 686 illos

1382 700 1487 750 quod
1507 699 1621 738 hodie
1643 701 1742 738 salus
1763 701 1813 738 hu

1381 754 1414 791 ic
1434 754 1566 791 domui
1587 754 1685 792 facta
1704 762 1761 792 est

1383 820 1430 845 eo
1452 808 1556 857 quod
1577 815 1613 845 et
1634 809 1716 858 ipse
1736 808 1833 846 filius

1383 862 1428 899 sit
1449 862 1613 900 abrahae
1669 862 1697 882 ¹0
1705 863 1807 900 uenit

1382 915 1483 952 enim
1505 916 1601 953 filius
1620 916 1787 954 hominis

1384 981 1540 1018 querere
1562 977 1598 1007 et
1619 970 1768 1007 saluum

1382 1023 1504 1060 facere
1525 1024 1630 1073 quod
1649 1024 1752 1073 perie

1383 1083 1440 1114 rat
1767 1075 1880 1129 [sibus

1381 1139 1470 1166 LXII
1482 1130 1507 1150 ¹¹
1517 1130 1622 1167 Haec
1637 1132 1713 1168 z'llz's
1726 1133 1879 1168 audien-

1382 1184 1552 1221 adiciens
1573 1185 1667 1222 dixit
1687 1185 1771 1222 simi

1381 1238 1578 1275 litudinem
1598 1250 1646 1276 eo
1666 1238 1773 1288 quod

1382 1298 1480 1329 esset
1500 1304 1622 1341 prope
1642 1292 1748 1329 iheru

1382 1345 1502 1382 salem
1540 1352 1576 1382 et
1595 1346 1683 1394 quia
1703 1346 1784 1383 exis

1382 1399 1559 1436 timarent
1597 1399 1702 1449 quod
1723 1405 1798 1438 co‘

1381 1452 1505 1491 festim
1524 1465 1683 1502 regnum
1703 1453 1744 1491 di

1382 1507 1689 1544 manifestaretur

1381 1560 1521 1598 ¹²Dixit
1539 1573 1630 1610 ergo
1649 1561 1805 1611 quidam
1827 1561 1879 1600 ho

1382 1690 1454 1729 Mo
1474 1690 1580 1728 diues
1600 1690 1718 1729 habiit

1383 1746 1421 1781 in
1442 1745 1639 1794 regionem
1659 1745 1725 1782 lon

1381 1799 1566 1848 ginquam
1587 1799 1761 1848 accipere

1383 1854 1453 1890 sibi
1473 1865 1634 1902 regnum
1654 1860 1690 1890 et
1710 1865 1750 1890 re

1382 1907 1478 1943 uerti
1573 1906 1644 1944 13et
1665 1918 1765 1944 uoca

1381 1961 1435 1998 uit
1455 1960 1588 1998 decem
1609 1972 1742 1998 seruos

1381 2021 1417 2052 et
1439 2014 1541 2052 dedit
1561 2014 1631 2051 illis
1650 2014 1785 2051 decern

1381 2080 1492 2105 mnas
1548 2074 1585 2105 et
1605 2068 1655 2105 ait
1675 2068 1723 2105 ad
1743 2067 1768 2104 il

1381 2122 1438 2159 los
1458 2122 1707 2170 negotiamini
1728 2121 1808 2158 du-

1380 2176 1494 2213 uenio
1515 2175 1652 2212 “ciues
1671 2182 1800 2213 autem

1380 2229 1539 2267 oderant
1559 2229 1664 2266 illum
1684 2235 1720 2266 et

1378 2284 1563 2321 miserunt
1583 2283 1724 2332 legatio

1379 2350 1468 2375 nem
1489 2344 1577 2387 post
1596 2337 1703 2374 illurn
1723 2336 1836 2375 dice*

1378 2397 1436 2429 tes
1522 2392 1702 2429 nolumus

1377 2445 1479 2483 hunc
1500 2457 1660 2494 regnare
1680 2457 1725 2483 su

1378 2511 1446 2547 per
1466 2511 1538 2536 nos

1376 2552 1459 2590 ¹⁵Et
1478 2553 1621 2590 factum
1641 2558 1697 2590 est
1716 2552 1809 2590 dum

1377 2606 1517 2644 rediret
1537 2607 1703 2655 adcepto
1723 2619 1792 2656 reg

1376 2672 1428 2697 no
1447 2667 1484 2698 et
1503 2660 1611 2697 iussit
1629 2660 1763 2697 uocari

1376 2725 1506 2751 seruos
1556 2714 1694 2763 quibus
1715 2713 1763 2751 de

1376 2767 1430 2805 dit
1450 2768 1653 2817 pecuniam
1684 2773 1725 2804 ut
1744 2767 1798 2806 sci

1375 2828 1430 2859 ret
1449 2829 1636 2870 quantum
1656 2822 1741 2871 quis

1374 2887 1450 2925 que
1471 2876 1686 2926 negotiatus
1706 2887 1748 2913 es

1373 2937 1430 2968 set
1575 2929 1601 2950 ¹⁶
1610 2929 1715 2968 uenit
1733 2935 1848 2969 aute-

2357 204 2406 250 69

1912 327 2062 365 Primus
2082 328 2212 366 dicens
2233 329 2308 367 dr'1e

1911 393 2003 418 mna
2023 387 2089 418 tua
2109 382 2244 419 decem

1910 446 2045 472 manas
2065 435 2268 485 adquisiuit

1910 488 1995 526 ¹⁷Et
2013 489 2064 526 ait
2083 489 2133 526 illi
2152 501 2251 538 euge
2271 501 2380 528 serue

1911 542 2013 579 bone
2032 543 2121 591 quia
2140 543 2180 580 in
2201 544 2306 581 modi

1912 607 1959 633 co
1980 595 2102 633 fidelis
2122 596 2222 635 fuisti
2242 598 2314 635 eris

1911 655 2137 698 potestatem
2159 650 2306 689 habens

1912 714 2030 751 supra
2048 703 2183 741 decern
2203 705 2276 742 ciui

1913 757 2001 793 tatis

1911 807 1997 846 ¹⁸Et
2015 809 2108 847 alter
2126 811 2228 848 uenit
2248 811 2381 849 dicens

1912 875 2004 900 mna
2023 869 2087 900 tua
2109 863 2197 902 fecit
2217 865 2309 914 quin

1912 929 1987 966 que
2006 929 2118 955 mnas
2138 917 2208 955 ¹⁹et
2227 919 2279 956 ait
2298 925 2336 956 et

1911 970 2000 1009 huic
2021 978 2058 1008 et
2078 978 2117 1009 tu
2137 978 2219 1009 esto
2240 984 2356 1021 supra

1912 1025 2082 1074 quinque
2102 1026 2274 1063 ciuitates

1911 1076 1997 1115 ²⁰Et
2016 1079 2107 1116 alter
2126 1080 2229 1117 uenit
2248 1079 2382 1117 dicens

1913 1132 2001 1169 drhe
2022 1145 2112 1170 eece
2132 1145 2224 1171 rnna
2242 1140 2307 1171 tua

1912 1198 2029 1235 quarn
2049 1186 2164 1223 habui
2185 1187 2311 1236 reposi

1912 1246 1950 1277 ta
1968 1240 2007 1275 in
2028 1240 2179 1277 sudario
2208 1240 2333 1290 aquia

1913 1293 2020 1330 timui
2041 1299 2078 1331 te
2130 1294 2219 1343 quia
2239 1294 2290 1332 ho

1913 1358 1979 1383 mo
1999 1348 2157 1385 austeris
2177 1359 2217 1385 es
2237 1348 2290 1385 tol

1912 1400 1993 1437 lens
2014 1401 2119 1450 quod
2139 1413 2220 1438 non
2238 1401 2368 1450 posuis

1912 1454 1940 1491 ti
1989 1461 2025 1492 et
2044 1461 2163 1492 metes
2183 1455 2290 1504 quod

1912 1519 1992 1545 non
2013 1509 2209 1546 seminasti

1912 1561 1941 1583 ²²
1949 1562 2062 1600 Tunc
2083 1562 2174 1600 dixit
2193 1563 2240 1601 de
2256 1575 2321 1602 ore
2342 1569 2409 1602 tuo

1913 1693 1971 1730 Te
1992 1692 2120 1730 iudico
2139 1704 2188 1730 ·o·
2207 1693 2272 1730 infi

1912 1746 2006 1784 delis
2025 1758 2132 1784 serue
2153 1747 2300 1784 sciebas

1912 1800 2016 1850 quod
2036 1800 2154 1838 homo
2173 1809 2341 1840 austeres

1954 1863 1989 1883 m

1911 1903 1999 1934 sunt
2037 1896 2129 1935 tollo
2149 1897 2253 1947 quod
2272 1903 2354 1936 no*

1910 1951 2023 2000 posui
2080 1958 2117 1988 et
2137 1960 2241 1989 meto
2261 1952 2367 2001 quod

1910 2016 1991 2041 non
2011 2005 2199 2042 seminaui
2245 2006 2316 2043 ²³et

1910 2070 2028 2108 quare
2048 2071 2128 2096 non
2149 2058 2285 2097 dedisti
2304 2072 2353 2109 pe

1910 2112 2066 2150 cuniam
2086 2124 2214 2150 meam
2233 2113 2283 2151 ad

1910 2177 2085 2204 mensam
2105 2173 2141 2203 et
2160 2179 2233 2215 ego
2252 2168 2341 2205 ueni

1909 2232 1978 2257 ens
1999 2232 2089 2258 cum
2108 2221 2231 2258 usuris
2250 2222 2306 2259 uti

1909 2286 1985 2323 que
2004 2274 2207 2323 exigissem
2227 2275 2329 2312 illam

1907 2326 1994 2365 2*Et
2014 2328 2254 2365 adstantibus
2274 2328 2367 2366 dixit

1908 2382 2051 2419 auferte
2072 2382 2121 2418 ab
2140 2381 2204 2419 illo
2223 2394 2316 2419 rnna

1909 2442 1945 2473 et
1964 2435 2052 2473 date
2073 2435 2123 2472 illi
2143 2436 2209 2484 qui
2229 2434 2345 2475 habet

1908 2489 2044 2527 decem
2062 2501 2174 2526 mnas

1906 2543 2041 2581 2⁶Dic0
2061 2550 2187 2580 autem
2207 2543 2318 2581 uobis
2337 2556 2402 2582 om

1906 2596 1945 2632 ni
1965 2596 2118 2634 habenti
2139 2597 2289 2634 dabitur

1906 2649 1982 2687 hab
2002 2662 2049 2688 eo
2070 2657 2197 2687 autem
2217 2651 2282 2700 qui
2303 2657 2385 2689 no*

1905 2703 2020 2741 habet
2040 2711 2077 2742 et
2097 2704 2201 2753 quod
2220 2704 2336 2742 habet

1905 2758 2096 2795 auferetur
2116 2758 2167 2795 illi
2226 2759 2254 2779 ²⁷
2267 2771 2314 2796 ue

1904 2823 1989 2848 rum
2009 2818 2139 2849 tamen
2160 2811 2246 2850 dico
2265 2825 2317 2850 uo

1904 2865 1973 2903 bis·
1994 2866 2169 2903 inimicos
2189 2878 2298 2905 meos
2318 2866 2343 2904 il

1903 2919 1962 2958 los
1982 2919 2047 2969 qui
2067 2919 2271 2957 noluerunt

1903 2986 1967 3012 me
1986 2986 2146 3024 regnare
2166 2986 2278 3023 super
