2504 3382
133 198 182 231 24

129 273 210 303 Fol.
227 274 286 305 47.

127 315 194 353 Eis
213 327 260 352 eo
282 337 290 346 ·
311 315 414 364 quod
433 314 514 363 ipse
534 326 606 351 nos

129 375 185 406 set
205 381 340 407 omnes
360 368 482 418 ²⁵quia
506 379 603 416 opus

127 423 162 460 ei
175 435 253 459 non
266 430 344 460 erat
415 429 455 458 ut
468 422 552 471 quis
566 429 622 458 tes

127 476 329 514 timonium
350 475 562 524 perhiberet

128 529 176 567 de
196 530 350 567 homine
371 529 452 577 ipse
471 528 574 564 enim

128 583 269 621 sciebat
289 582 380 631 quid
399 588 496 619 esset
515 581 554 618 in

127 636 324 673 hominem

132 699 170 726 11
184 690 221 726 3¹
240 689 345 727 Erat
361 693 478 726 aulem
501 689 604 726 homo

127 756 175 781 ex
195 743 379 792 phariseis
400 743 555 780 nomine

126 797 350 835 nicodemus
370 796 548 845 princeps

126 850 324 888 iudeorum
345 850 424 887 ²hie
444 850 548 887 uenit

126 904 175 942 ad
194 917 281 942 eum
302 911 413 941 nocte
434 910 470 941 et
490 903 584 940 dixit

125 959 171 995 ei·
193 958 301 995 rabbi
321 958 461 994 scimus
481 957 570 1005 quia

125 1024 148 1048 a
166 1011 218 1049 do
237 1011 373 1048 uenisti
392 1011 570 1058 magister

124 1077 240 1102 nemo
259 1064 361 1101 enim
381 1071 505 1112 potest

125 1119 234 1167 signa
253 1118 348 1155 haec
367 1117 490 1154 facere
511 1129 586 1166 que

124 1178 164 1210 tu
185 1172 305 1209 fecisti
326 1171 398 1208 nisi
417 1171 527 1208 suerit
547 1170 593 1208 ds

124 1238 211 1264 cum
232 1225 296 1262 1110
316 1224 530 1274 3respondit
550 1225 606 1262 ihs

124 1286 160 1317 et
180 1279 273 1317 dixit
291 1279 326 1316 ei

122 1333 250 1370 Amen
270 1344 384 1369 amen
403 1331 489 1369 dico
510 1331 576 1369 tibi

123 1387 193 1424 nisi
213 1386 297 1435 quis
316 1392 467 1423 renatus
488 1385 548 1422 fue

123 1441 170 1478 rit
191 1440 317 1477 denuo
338 1451 417 1477 non
438 1446 548 1488 potes

123 1494 251 1531 uidere
271 1505 431 1541 regnum
452 1492 491 1529 di

123 1547 248 1585 4Dicit
289 1546 339 1584 ad
380 1558 468 1584 eum
513 1547 617 1585 nico-

465 1597 617 1652 [demus

124 1686 332 1734 Quomodo
352 1692 477 1736 potest
495 1686 547 1724 ho

123 1753 188 1778 mo
208 1741 312 1778 nasci
331 1753 418 1778 cum
440 1752 557 1778 senex

123 1796 169 1832 sit
189 1794 375 1843 numquid
395 1800 521 1843 potest

122 1848 240 1886 homo
259 1849 299 1885 in
317 1856 449 1885 uentre
469 1859 532 1885 ma

122 1903 187 1939 tris
208 1914 299 1939 suae
319 1902 450 1939 iterato
470 1902 567 1939 intro

123 1956 176 1993 ire
196 1963 233 1993 et
251 1956 399 1993 renasci

123 2009 192 2046 ⁵Et
207 2009 400 2058 respondit
416 2008 473 2046 ihs
502 2020 616 2047 amen

123 2075 237 2100 amen
257 2063 344 2099 dico
363 2063 428 2100 tibi
449 2062 522 2099 nisi

123 2117 208 2166 quis
228 2124 378 2154 renatus
397 2116 506 2153 fuerit

123 2183 169 2208 ex
186 2182 285 2218 aqua
299 2177 336 2207 et
356 2173 427 2218 spu
447 2174 514 2207 sco
533 2177 612 2208 no*

122 2230 247 2273 potest
267 2224 418 2262 introire
440 2224 479 2260 in

122 2289 283 2326 regnum
306 2277 346 2314 di

122 2330 261 2377 ⁵Quod
277 2338 408 2368 natum
423 2337 480 2368 est
496 2330 542 2368 de
555 2343 619 2369 car

122 2386 192 2423 ine
212 2397 302 2422 caro
321 2391 377 2422 est
396 2384 483 2434 quia
504 2384 551 2422 de

123 2451 236 2476 carne
257 2445 386 2475 natum
406 2445 461 2476 est
481 2445 518 2475 et

123 2493 228 2542 quod
248 2499 380 2529 natum
399 2500 454 2530 est
475 2492 522 2529 de

125 2548 196 2594 spu
217 2549 281 2594 sps
301 2553 356 2584 est
376 2547 466 2595 quia
485 2545 530 2583 ds
551 2549 617 2595 sps

123 2606 178 2636 est

124 2652 206 2689 ⁷Ne
226 2653 368 2690 mireris
388 2654 476 2702 quia
498 2653 574 2691 dixi

124 2706 192 2743 tibi
213 2713 361 2755 oportet
381 2718 450 2745 uos
471 2707 516 2745 de

124 2771 202 2797 nuo
221 2760 367 2796 renasci
547 2758 616 2812 [uo

124 2813 219 2862 ⁸Sps
238 2813 303 2850 ubi
323 2813 388 2849 11111
409 2813 523 2862 spirat
581 2823 617 2851 et

125 2879 210 2904 cern
230 2867 309 2904 eius
328 2867 435 2904 audis
453 2867 518 2904 sed
534 2875 612 2904 no*

124 2921 199 2959 scis
219 2920 319 2959 unde
340 2920 468 2957 ueniat
487 2926 524 2957 et
539 2933 616 2970 quo

350 183 478 221 -EUA
486 181 772 222 NGELlwl
807 180 918 219 SEC

656 311 783 349 Uadat
804 311 856 348 sic
875 317 932 348 est
951 311 1076 347 omnis

656 366 720 414 qui
741 372 851 402 natus
871 372 927 402 est
945 377 992 402 ex
1012 376 1035 402 a

656 431 732 468 qua
750 426 786 455 et
807 422 877 467 spu

655 472 890 521 ⁹Respondit
909 470 1133 509 nicodemus

656 532 693 563 et
713 526 805 563 dixit
826 526 859 563 ei
880 525 1078 576 quomodo

655 592 815 628 possum
835 580 929 617 haec
949 579 1028 616 fieri

654 633 903 682 ¹⁰Respondit
927 633 983 670 ihs
1003 639 1038 670 et
1059 632 1150 669 dixit

655 688 689 724 ei
709 695 748 724 tu
769 699 808 724 es
828 687 962 724 doctor
983 687 1072 723 istra

656 741 716 777 bel
736 748 773 778 et
792 741 887 778 haec
908 741 1062 789 ignoras

654 794 813 831 11Α111611
835 806 947 831 amen
972 794 1059 830 dico
1082 793 1147 829 tibi

654 848 742 896 quia
762 848 867 897 quod
888 848 1026 884 scimus
1048 846 1085 883 lo

653 901 804 950 quimur
824 908 859 937 et
879 900 983 950 quod
1003 899 1081 936 uidi

652 967 738 991 mus
759 954 1002 991 testificamur

652 1015 688 1044 et
710 1008 969 1044 testimonium
989 1018 1061 1044 nos

651 1068 751 1097 trum
771 1073 851 1098 non
872 1060 1041 1109 adcipitis

651 1114 677 1136 ¹²
689 1114 727 1151 Si
740 1122 889 1152 terrena
899 1115 974 1152 dixi
987 1113 1097 1152 uobis
1111 1121 1146 1152 et

651 1181 731 1206 non
752 1168 905 1206 creditis
926 1179 1068 1217 quomo

653 1223 703 1260 do
723 1222 754 1260 si
774 1222 905 1259 dixero
925 1221 1080 1259 celestia

651 1276 800 1313 creditis

650 1330 735 1367 ¹³Et
755 1341 870 1367 nemo
890 1329 1060 1367 ascendit
1081 1329 1119 1366 in

650 1383 798 1420 caelum
818 1384 889 1420 nisi
909 1383 967 1420 his
987 1383 1052 1432 qui

650 1437 696 1474 de
718 1437 824 1475 63610
845 1437 1040 1474 descendit

651 1490 747 1528 filius
768 1490 934 1528 hominis
955 1491 1019 1540 qui
1040 1496 1096 1528 est

651 1545 689 1582 in
710 1545 816 1582 caelo

651 1684 735 1722 ¹⁴Et
755 1684 849 1722 sicut
869 1696 1023 1734 moyses
1043 1683 1127 1722 exal

650 1739 743 1776 tauit
763 1746 937 1788 serpente
958 1740 996 1775 in
1018 1739 1065 1775 de

651 1799 750 1830 serto
887 1793 938 1829 ita
957 1792 1110 1829 exaltari

651 1852 803 1895 oportet
821 1846 941 1882 filium
961 1846 1067 1883 homi

650 1901 708 1937 nis
729 1899 802 1936 15ut
823 1901 950 1937 omnis
971 1900 1035 1949 qui
1055 1911 1118 1937 cre

650 1953 703 1990 dit
721 1954 759 1990 in
779 1953 885 1990 illum
906 1965 985 1991 non
1006 1960 1135 2003 pereat

651 2007 717 2045 sed
735 2007 875 2045 habeat
895 2008 1012 2044 uitam
1033 2020 1053 2045 e

651 2069 799 2098 ternam
1032 2059 1144 2113 [mun

651 2114 747 2152 16516
769 2115 872 2152 6111111
892 2114 1021 2152 dilexit
1041 2114 1086 2153 ds

651 2169 741 2206 dum
761 2177 801 2206 ut
820 2169 937 2205 filium
960 2181 1070 2206 suum

652 2223 887 2271 unigenitum
907 2223 1010 2260 mitte

653 2284 707 2314 ret
726 2283 766 2313 ut
786 2276 912 2314 omnis
932 2277 997 2324 qui
1017 2287 1080 2314 cre

654 2331 707 2368 dit
726 2331 765 2366 in
784 2342 870 2367 eum
891 2342 970 2367 non
990 2336 1117 2379 pereat

654 2384 721 2422 sed
740 2383 879 2421 habeat
898 2384 1015 2421 uitam
1035 2396 1080 2421 ae

652 2446 798 2474 ternam

651 2491 778 2528 ¹⁷Non
798 2491 900 2528 enim
920 2491 1020 2528 misit
1035 2490 1081 2528 ds
1097 2491 1147 2528 fili

651 2557 717 2582 um
738 2557 850 2582 suum
869 2545 908 2581 in
929 2544 1031 2582 hunc

652 2599 840 2635 mundum
862 2605 901 2635 ut
921 2599 1058 2636 iudicet

652 2652 839 2689 mundum
861 2659 901 2689 ut
922 2652 1025 2690 salue

652 2714 710 2743 tur
730 2706 895 2743 mundus
916 2719 984 2755 per
1003 2706 1116 2755 ipsu*

651 2760 762 2806 1³Qui
777 2760 894 2797 credit
910 2761 948 2796 in
964 2772 1052 2797 eum
1068 2771 1145 2797 non

651 2814 835 2851 iudicatur
855 2814 918 2863 qui
938 2826 1017 2851 non

652 2867 810 2904 crederit
830 2867 869 2904 in
889 2868 1012 2916 ipsum
1033 2867 1097 2904 ia*

651 2921 836 2958 iudicatus
855 2928 910 2958 est
931 2921 1020 2970 quia
1041 2928 1118 2958 110·

1561 180 1591 217 I
1591 180 1675 218 ΘΗ
1670 181 1704 218 Α
1712 179 1900 219 ΝΝΕΜ

1220 268 1301 297 Fol.
1321 268 1379 297 48.

1221 310 1349 347 Credit
1369 310 1407 346 in
1428 310 1584 347 nomine
1604 310 1673 346 uni

1219 364 1336 411 geniti
1356 363 1407 399 fili
1427 363 1466 399 di
1563 361 1714 414 [diciu-

1218 416 1344 454 19Ηο6
1366 423 1422 454 est
1442 422 1568 452 autem
1589 417 1644 453 iu-

1219 469 1256 506 di
1274 490 1281 499 ·
1378 470 1467 519 quia
1480 470 1543 506 lux
1557 470 1661 507 uenit
1674 470 1713 506 in

1219 523 1320 561 hunc
1339 523 1525 560 mundum
1546 529 1583 560 et
1603 523 1641 560 di

1218 578 1387 614 lexerunt
1408 577 1574 613 hominis
1593 588 1646 625 po

1218 632 1290 668 tius
1312 631 1489 668 tenebras
1509 642 1626 678 quam

1218 685 1343 722 lucem
1453 690 1559 721 erant
1578 684 1680 720 enim

1219 750 1351 775 eorum
1372 738 1472 775 mala
1492 750 1609 786 opera

1217 791 1392 829 ²⁰Omnis
1413 792 1515 828 enim
1528 791 1592 840 qui
1613 790 1713 828 mala

1216 846 1293 893 agit
1314 845 1392 882 odit
1412 845 1537 882 lucem
1557 851 1593 882 et
1613 852 1693 881 no-

1216 899 1320 935 uenit
1339 899 1388 935 ad
1408 899 1532 936 lucem
1551 905 1591 935 ut
1611 904 1691 935 no*

1216 958 1423 999 arguantur
1442 964 1559 1001 opera
1579 952 1658 989 eius

1216 1005 1241 1027 ²¹
1251 1005 1329 1052 Qui
1350 1013 1475 1043 autem
1492 1005 1581 1043 facit
1594 1006 1713 1043 uerita

1216 1067 1293 1097 tem
1314 1059 1417 1096 uenit
1438 1059 1486 1096 ad
1505 1060 1631 1097 lucem

1216 1121 1254 1150 ut
1275 1113 1564 1150 manifestentur
1584 1125 1657 1162 ope

1216 1179 1256 1204 ra
1276 1169 1355 1204 eius
1375 1168 1464 1217 quia
1483 1168 1523 1204 in
1543 1166 1594 1205 do
1614 1173 1702 1204 sunt

1215 1221 1314 1259 facta

1505 1273 1602 1305 uenit

1219 1317 1307 1353 &71²²
1315 1317 1394 1355 Pos
1400 1318 1488 1354 haec
1499 1319 1604 1354 dixit
1612 1317 1670 1354 ihs
1683 1322 1716 1354 el

1215 1372 1387 1421 discipuli
1406 1373 1486 1409 eius
1506 1372 1545 1408 in
1569 1372 1713 1409 iudea·-

1215 1433 1353 1463 terram
1437 1432 1473 1462 et
1493 1425 1566 1462 illie
1587 1425 1634 1463 de

1214 1480 1465 1516 morabuntur
1486 1491 1575 1516 curn

1215 1533 1268 1570 eis
1289 1539 1325 1569 et
1345 1532 1565 1581 baptizabat

1214 1586 1339 1624 23Ε131
1359 1593 1488 1623 autem
1509 1592 1545 1623 et
1563 1585 1680 1622 iohan

1215 1681 1295 1719 Nes
1315 1682 1514 1731 baptizans
1533 1682 1572 1718 in
1591 1693 1637 1719 ae

1214 1748 1266 1774 no
1286 1737 1389 1773 iuxta
1409 1736 1517 1773 salim
1538 1736 1628 1785 quia

1215 1802 1336 1839 aquae
1357 1790 1497 1827 multae
1518 1796 1625 1827 erant

1215 1845 1288 1881 illic
1309 1852 1345 1881 et
1365 1844 1618 1881 adueniebant

1214 1905 1250 1935 et
1270 1898 1566 1947 baptizabuntur
1588 1898 1637 1935 ab
1661 1909 1708 1935 eo

1213 1952 1240 1973 ²⁴
1249 1952 1421 1989 nondum
1442 1952 1545 1988 enim
1565 1951 1638 1988 mis

1215 2017 1277 2043 sus
1298 2005 1418 2043 fuerat
1437 2006 1476 2041 in
1495 2017 1605 2043 carce

1214 2072 1295 2097 rem
1315 2059 1490 2097 iohannis

1213 2113 1367 2151 ²⁵Facta
1387 2120 1442 2150 est
1462 2123 1555 2160 ergo
1576 2124 1669 2161 ques

1215 2167 1266 2205 tio
1287 2179 1333 2204 ex
1355 2166 1548 2215 discipulis
1569 2166 1689 2203 10113-

1216 2222 1273 2258 nis
1294 2233 1381 2258 cum
1401 2221 1521 2258 iudeis
1541 2219 1588 2257 de
1609 2232 1661 2269 pu

1216 2275 1422 2312 rificatione
1478 2273 1547 2311 2661
1566 2286 1612 2310 116

1216 2336 1351 2366 nerunt
1371 2328 1419 2365 ad
1439 2328 1638 2365 iohanne—

1217 2390 1252 2420 et
1273 2383 1447 2419 dixerunt
1467 2383 1501 2419 ei
1521 2381 1629 2418 rabbi

1215 2437 1279 2485 qui
1300 2442 1379 2473 erat
1398 2442 1526 2473 tecum
1546 2442 1650 2472 trans

1217 2490 1415 2527 iordanern
1436 2490 1495 2527 cui
1515 2494 1556 2526 tu
1575 2494 1632 2526 tes

1215 2544 1416 2581 timonium
1436 2542 1598 2592 perhibu

1215 2598 1274 2634 isti
1295 2609 1385 2634 ecce
1405 2596 1466 2634 hic
1487 2596 1652 2645 baptizat

1216 2658 1252 2688 et
1274 2663 1411 2688 omnes
1431 2651 1589 2688 ueniunt

1216 2705 1264 2742 ad
1285 2717 1373 2742 eum

1215 2759 1242 2780 2⁷
1252 2758 1465 2807 Respondit
1485 2757 1660 2796 iohannis

1215 2820 1250 2849 et
1266 2813 1359 2849 dixit
1377 2825 1455 2850 non
1478 2819 1602 2861 potest

1214 2866 1332 2903 homo
1352 2866 1528 2914 adcipere
1548 2865 1637 2914 quic

1214 2931 1330 2968 quarn
1350 2920 1421 2957 nisi
1440 2920 1571 2956 datum
1592 2919 1630 2955 fu

1995 177 2055 233 [11.
2078 193 2196 227 24-1v.
2216 196 2248 227 3.

1747 308 1827 346 Erit
1848 310 1895 347 de
1915 310 2021 348 caelo

1747 362 1862 411 ²³Ipsi
1882 376 1952 401 uos
1972 363 2220 401 testimoniu··

1747 417 1840 452 mihi
1859 417 2066 465 perhibetis
2087 417 2191 467 quod

1747 470 1825 506 dixi
1844 471 1933 519 quia
1952 482 2031 508 non
2051 483 2135 508 sum
2155 475 2229 520 xps

1747 523 1814 560 sed
1833 525 1922 571 quia
1941 525 2079 561 missus
2099 537 2185 561 sum

1747 584 1834 612 ante
1854 577 1958 614 illurn
2119 576 2242 630 [spo-

1745 628 1774 649 29
1784 629 1860 675 Qui
1880 629 1994 667 habet
2013 643 2195 680 sponsam

1747 695 1811 720 sus
1831 690 1886 720 est
1905 685 2051 721 amicus
2071 692 2187 722 aute-

1748 737 1881 785 sponsi
1901 738 1965 786 qui
1989 744 2061 774 stat
2084 746 2120 775 et
2139 738 2243 775 audit

1747 802 1834 827 eum
1854 791 1995 838 gaudio
2014 792 2157 840 gaudet

1747 851 1900 892 propter
1919 856 2057 882 uocem
2078 845 2210 894 sponsi

1748 897 1836 934 Hoc
1862 910 1954 947 ergo
1973 898 2156 946 gaudium
2180 910 2243 936 me

1747 963 1813 987 um
1833 951 2018 1000 inpletum
2038 958 2095 989 est
2164 952 2225 990 3‘'il

1746 1005 1825 1042 lum
1844 1011 1995 1054 oportet
2015 1017 2144 1043 cresce

1746 1071 1786 1096 re
1807 1070 1868 1095 me
1890 1066 2017 1096 autem
2038 1059 2157 1096 minui

1747 1113 1773 1133 ³1
1783 1112 1859 1158 Qui
1880 1120 2005 1150 autem
2028 1114 2226 1151 desursum

1745 1167 1849 1204 uenit
1869 1166 1916 1203 de
1936 1174 2032 1204 terra
2052 1173 2108 1204 est
2130 1174 2167 1205 et

1747 1220 1794 1257 de
1814 1228 1910 1257 terra
1929 1221 2094 1270 loquitur

1748 1273 1826 1320 Qui
1846 1274 1893 1311 de
1913 1275 2017 1312 eaelo
2038 1274 2143 1312 uenit

2083 1326 2242 1380 [³²qu0d

1746 1380 1840 1418 uidit
1860 1387 1896 1418 et
1916 1381 2021 1430 quod
2041 1382 2183 1419 audiuit

1745 1435 2006 1472 testimonium
2026 1435 2132 1484 perhi

1745 1489 1808 1525 bet
1829 1496 1864 1525 et
1884 1489 2145 1526 testimonium

1745 1542 1824 1578 eius
1844 1553 1961 1578 nemo
1982 1542 2123 1591 adcipit

1743 1594 1858 1641 33Qui
1873 1596 1977 1632 enim
1992 1596 2141 1645 adcepit
2159 1596 2244 1634 testi

1745 1682 1927 1719 Monium
1947 1682 2029 1719 eius
2050 1682 2158 1731 signa

1743 1737 1797 1773 uit
1817 1736 1906 1785 quia
1925 1735 1971 1773 ds
1991 1748 2107 1773 uerax
2128 1743 2185 1774 est

1743 1789 1896 1839 34quem
1915 1791 2017 1827 enim
2037 1791 2138 1827 misit
2159 1789 2206 1828 ds

1743 1845 1861 1881 uerba
1879 1843 1919 1881 di
1939 1844 2103 1893 loquitur
2122 1851 2202 1881 no*

1743 1898 1847 1935 enim
1870 1897 1919 1934 ad
1939 1909 2160 1935 mensuram

1745 1951 1809 1988 dat
1829 1950 1867 1987 di
1889 1954 1974 2000 spm

1745 2005 1772 2026 3⁵
1781 2005 1891 2042 Pater
1910 2005 2029 2053 diligit
2048 2004 2167 2041 filium
2187 2011 2225 2042 et

1745 2059 1875 2097 omnia
1896 2058 1998 2096 dedit
2018 2059 2056 2096 in
2076 2070 2194 2095 manu

1746 2113 1825 2150 eius

1743 2167 1771 2187 ⁸⁶
1781 2166 1858 2212 Qui
1872 2166 1988 2203 credit
2003 2166 2041 2202 in
2058 2165 2176 2202 filium
2189 2165 2240 2204 ha

1745 2222 1807 2258 bet
1828 2221 1945 2257 uitam
1963 2227 2133 2257 eternam

1746 2274 1810 2323 qui
1830 2286 1909 2310 non
1929 2273 2047 2310 credit
2069 2273 2145 2310 filio

1745 2340 1823 2365 non
1843 2327 1985 2364 uidebit
2004 2327 2122 2363 uitam
2144 2326 2210 2364 sed

1743 2382 1798 2418 ira
1813 2381 1851 2418 di
1866 2387 1995 2418 manet
2011 2392 2122 2429 super
2134 2380 2241 2418 illum

1748 2445 1829 2471 LIII-
1845 2440 1863 2470 4
1873 2434 1884 2454 ¹
1903 2433 1953 2471 Ut
1962 2447 2047 2483 ergo
2061 2434 2119 2471 ihs
2130 2447 2242 2483 cogno

1744 2490 1797 2526 uit
1817 2489 1906 2538 quia
1926 2489 2127 2525 audierunt

1744 2543 1907 2592 pharisei
1927 2542 2031 2592 quod
2052 2542 2109 2579 ihs
2130 2541 2197 2591 plu

1744 2609 1804 2634 res
1824 2596 2031 2645 discipulus
2051 2596 2140 2632 facit

1743 2659 1780 2688 et
1800 2651 2016 2699 baptizabat
2037 2650 2161 2697 magis

1743 2717 1860 2754 quam
1872 2702 2056 2741 iohannes
2111 2701 2238 2752 ²qua*

1743 2770 1860 2806 quam
1880 2758 1958 2806 ipse
1978 2756 2036 2792 ihs
2060 2768 2139 2792 non
2163 2757 2239 2805 bap

1743 2813 1872 2848 tizaret
1892 2810 1959 2846 sed
1979 2809 2152 2858 discipuli

1744 2865 1824 2902 eius
1844 2863 2012 2912 ε’1611111111
2033 2863 2185 2900 iudeam

1743 2925 1880 2955 terram
1902 2924 1938 2954 et
1957 2917 2048 2954 abiit
2067 2917 2194 2954 iteru-

2100 2982 2185 3007 U1111
