2504 3382
213 222 290 248 xrx.
313 221 453 258 31-xx.
478 205 550 259 ²3·]
607 205 1022 246 EUANGELIUM
1041 205 1154 246 SEC

214 295 296 325 Pol.
312 295 371 324 84.

213 338 360 375 Eorum
381 348 489 374 crura
509 342 546 372 et

214 391 434 428 tollerentur

214 444 449 482 ⁸²Uenerunt
468 455 561 492 ergo
582 443 660 480 mili

214 505 271 535 tes
291 505 328 535 et
348 497 444 534 illius
464 497 620 546 quidem

215 551 327 600 primi
346 550 541 599 fregerunt
562 563 629 587 cru

214 617 256 642 ra
275 611 312 641 et
331 604 484 641 alterius
506 604 617 641 simul

215 658 281 708 qui
300 659 402 696 cruci
423 658 521 694 fixus
541 665 622 694 erat

215 723 304 750 cum
323 723 371 748 eo
446 711 529 748 33αά
551 711 630 748 ihm

215 773 342 802 autem
363 777 449 802 cum
470 765 579 802 uenis

216 827 299 856 sent
319 828 359 856 ut
379 819 562 855 uidissent
582 825 663 855 eu-

216 881 411 910 mortuum
432 884 511 909 non
532 871 585 908 fre

216 933 353 976 gerunt
373 927 406 963 ei
427 938 537 963 crura
555 924 658 963 ³⁴sed

216 992 336 1017 unum
357 979 517 1016 militum
538 979 601 1016 lan

216 1035 275 1072 cia
294 1034 390 1071 latus
410 1034 490 1070 eius
511 1044 649 1081 percus

216 1088 262 1125 sit
282 1095 318 1124 et
339 1087 454 1123 exiuit
474 1088 658 1123 continuo

218 1140 373 1188 sanguis
393 1146 429 1176 et
449 1151 551 1188 aqua

216 1194 300 1230 8⁵Et
321 1193 386 1242 qui
404 1193 497 1229 uidit
517 1192 669 1229 testimo

217 1247 323 1284 nium
344 1245 532 1295 perhibuit
553 1252 590 1282 et

216 1312 350 1338 uerum
370 1307 427 1337 est
447 1300 600 1336 testimo

216 1355 325 1391 nium
346 1354 425 1390 eius
446 1360 482 1390 et
502 1353 563 1390 ille
584 1352 654 1390 scit

219 1409 309 1458 quia
328 1419 418 1444 uera
438 1407 526 1444 dicit
545 1414 586 1444 ut

217 1471 253 1500 et
273 1473 343 1499 uos
363 1461 522 1498 credatis
541 1459 634 1498 ³⁶fac

216 1522 255 1553 ta
275 1521 363 1553 sunt
382 1515 484 1552 enim
503 1514 599 1552 haec

217 1577 258 1607 ut
278 1569 463 1618 scriptura
483 1569 573 1606 adin

217 1655 370 1694 Pleatur

271 1720 404 1747 ossum
423 1720 503 1745 non
523 1720 599 1745 con

271 1763 442 1811 fringetis
463 1763 510 1799 ab
531 1774 578 1799 eo

271 1816 299 1838 ³⁷
306 1825 342 1854 et
362 1817 496 1853 iterum
517 1823 554 1852 et
573 1815 646 1853 alia

272 1871 456 1920 scriptura
475 1869 562 1906 uide

271 1925 368 1962 bunt
387 1924 426 1960 in
447 1935 563 1972 quem
582 1930 663 1960 no·

271 1984 539 2027 eonpuxerunt

218 2032 246 2053 33
255 2032 346 2070 Post
366 2031 461 2069 haec
480 2030 631 2079 rogauit
649 2030 689 2080 pi

218 2086 335 2124 latum
356 2084 491 2134 ioseph
512 2085 560 2122 ab
580 2097 603 2121 a

218 2140 366 2177 rimatia
386 2142 451 2188 qui
471 2145 551 2176 erat
571 2138 628 2175 dis

218 2194 367 2243 cipulus
386 2193 452 2230 ihu
507 2192 619 2230 occul

219 2254 255 2285 te
275 2254 403 2285 autem
423 2252 579 2296 propter

218 2308 321 2339 metu
341 2301 543 2338 iudeorum

218 2362 261 2392 ut
280 2354 428 2392 tolleret
447 2365 588 2404 corpus

219 2409 284 2446 ihu
304 2414 340 2446 et
360 2408 530 2457 permisit
549 2407 686 2456 pilatus

219 2468 408 2500 uenerunt
427 2473 519 2510 ergo
539 2468 578 2499 et

219 2516 387 2553 tulerunt
407 2527 496 2552 eum

219 2570 248 2591 ³⁹
256 2569 373 2606 Uenit
392 2581 484 2617 ergo
504 2567 640 2605 nicode

219 2635 306 2660 mus
346 2623 410 2672 qui
430 2623 595 2671 primum

219 2684 377 2714 uenerat
397 2676 445 2714 ad
466 2676 544 2713 ihm
564 2687 639 2713 noc

220 2738 256 2768 te
277 2730 401 2768 ferens
420 2731 585 2767 mixtura

219 2796 372 2822 murrae
412 2792 450 2821 et
469 2784 555 2821 aloe

221 2841 330 2888 quasi
350 2838 463 2876 libras
483 2850 554 2876 cen

221 2900 303 2930 tum
394 2892 646 2942 ⁴⁰acceperu‘

744 336 850 386 Ergo
870 348 1010 386 corpus
1030 336 1094 374 ihu

744 398 781 428 et
802 391 1065 439 adligauerunt
1084 396 1165 427 eu-

746 456 832 481 cum
855 445 1088 481 aromatibus
1108 443 1138 480 si

746 505 808 535 cut
829 505 884 535 est
904 497 1143 536 consuetudo

746 551 865 588 iudeis
886 551 1059 600 sepellire

745 604 871 642 “Erat
891 612 1018 642 autem
1038 605 1073 640 in
1097 603 1183 640 loco

745 658 810 695 ubi
831 659 932 695 cruci
953 658 1051 695 fixus
1071 663 1127 694 est

746 712 877 749 hortus
897 719 934 749 et
954 712 992 748 in
1013 711 1125 747 horto

745 771 1039 802 monumentum
1060 776 1111 801 no

746 830 838 856 uum
859 819 897 855 in
919 830 996 868 quo
1017 817 1192 855 nondum

747 873 949 922 quisquam
970 872 1119 921 positus

747 933 827 963 erat
848 927 933 963 ⁴²ibi
954 938 1045 974 ergo
1065 931 1222 974 propter

747 992 983 1028 parasceuen
1003 980 1093 1029 quia

747 1035 851 1070 iuxta
871 1040 948 1071 erat
968 1045 1088 1070 monu

746 1094 918 1124 mentum
939 1092 1150 1136 posuerunt

748 1141 827 1176 ihm

749 1203 863 1229 xxxv·
902 1193 957 1230 20¹
1001 1193 1085 1230 Una
1124 1198 1241 1230 aulem

747 1247 866 1283 maria
886 1247 1115 1295 magdalena

747 1308 784 1337 et
804 1301 908 1337 uenit
927 1312 1041 1337 mane
1062 1312 1150 1337 cum

747 1354 873 1391 adhuc
893 1355 1049 1391 tenebre
1071 1365 1111 1391 es

748 1415 831 1445 sent
851 1408 900 1445 ad
920 1415 1137 1446 monume-

747 1470 828 1499 tum
848 1468 885 1498 et
905 1462 1008 1499 uidet
1027 1461 1184 1510 lapide·-

748 1516 937 1553 sublatam
957 1528 979 1553 a
998 1527 1120 1552 monu

748 1577 880 1607 mento
953 1569 1140 1607 ²cucurrit

747 1654 853 1704 Ergo
874 1661 910 1692 et
931 1656 1034 1692 uenit
1054 1655 1102 1693 ad
1122 1654 1153 1692 si

746 1721 904 1746 monem
924 1716 1074 1758 petrum
1094 1715 1132 1746 et

747 1763 797 1800 ad
816 1763 932 1800 alium
953 1763 1179 1812 discipulum

747 1828 863 1866 quem
885 1817 1073 1866 dilegebat
1093 1816 1152 1854 ihs

747 1877 785 1907 et
805 1870 893 1907 dicit
913 1871 966 1908 eis
988 1870 1152 1907 tulerunt

747 1924 839 1961 dom
860 1924 906 1961 de
926 1936 1141 1962 monumen

747 1985 787 2014 to
843 1984 880 2015 et
899 1979 1093 2016 nescimus
1112 1977 1177 2016 ubi

747 2039 957 2081 posuerunt
977 2044 1066 2069 eum

750 2085 898 2123 ³Exiuit
916 2098 1009 2135 ergo
1030 2092 1158 2135 petrus

749 2147 786 2177 et
805 2139 865 2176 ille
885 2139 980 2177 alius
999 2140 1206 2190 discipulus

749 2200 787 2230 et
806 2193 1012 2232 ueniebant
1032 2193 1081 2231 ad
1100 2206 1167 2232 mo

750 2255 977 2284 numentum
1032 2248 1120 2285 4cur

828 2310 849 2330 n

748 2344 855 2381 rebat
875 2351 1003 2381 autem
1023 2344 1095 2394 ipsi
1116 2344 1195 2382 duo

750 2397 862 2436 simul
917 2398 977 2435 ille
997 2406 1125 2435 autem

750 2452 845 2489 alius
865 2451 1072 2501 discipulus
1092 2464 1160 2502 pre

751 2506 915 2543 cucurrit
933 2507 1041 2543 citius
1061 2519 1108 2556 pe

750 2567 809 2597 tro
854 2565 891 2596 et
911 2560 1015 2597 uenit
1034 2561 1138 2609 prior

750 2613 798 2650 ad
818 2623 1115 2651 monumentum

751 2666 809 2704 ⁵et
828 2679 916 2704 curn
937 2679 976 2704 se
996 2667 1156 2706 inclinas

753 2727 810 2758 set
829 2726 865 2757 et
885 2721 1146 2770 prospexisset

752 2774 847 2812 uidit
868 2775 1089 2812 linteamina
1108 2787 1161 2823 po

752 2829 822 2866 sita
842 2840 922 2866 non
942 2835 1072 2865 tamen
1093 2829 1132 2866 in

751 2882 878 2920 troiuit
932 2882 1043 2919 ⁶uidit
1063 2894 1104 2919 er

751 2948 804 2986 go
824 2937 949 2974 simon
968 2943 1097 2986 petrus
1118 2948 1158 2974 se

1246 3068 1311 3095 (32

1083 1138 1248 1192 [sabbati

1654 203 1992 244 IOHANNEM
2277 222 2324 257 43

1307 292 1388 323 1³01.
1406 293 1465 323 85.

1309 335 1443 381 Quens
1464 346 1551 372 eum
1572 341 1609 372 et
1629 334 1742 372 introi

1307 390 1361 426 uit
1381 389 1419 425 in
1436 396 1731 426 monumentum

1307 450 1343 480 et
1363 442 1455 479 uidit
1476 442 1696 479 linteamina

1309 497 1433 545 posita
1452 494 1507 532 ⁷et
1528 496 1721 533 sudarium

1309 550 1413 599 quod
1434 556 1511 586 erat
1532 561 1646 597 super
1666 561 1710 586 ca

1309 610 1376 652 put
1395 603 1475 639 eius
1496 614 1575 639 non
1596 614 1684 639 cum
1704 602 1756 638 lin

1309 656 1536 694 teaminibus
1555 663 1633 693 erat
1655 667 1706 704 po

1310 712 1421 747 situm
1442 710 1509 747 sed
1529 709 1733 759 separatim

1309 763 1524 801 inuolutum
1543 763 1581 800 in
1602 774 1723 799 unum

1310 817 1439 855 locum

1309 871 1444 908 ⁸Tunc
1464 883 1557 919 ergo
1576 870 1743 908 introiuit
1767 877 1804 907 et

1309 925 1370 962 ille
1390 925 1484 962 alius
1503 924 1711 973 discipulus

1310 979 1374 1028 qui
1394 986 1549 1015 uenerat
1568 978 1673 1027 prior

1311 1033 1359 1069 ad
1378 1038 1671 1070 monumentum

1310 1094 1346 1123 et
1365 1086 1458 1123 uidit
1478 1093 1515 1123 et
1535 1085 1695 1123 credidit

1311 1140 1409 1177 ⁹non
1430 1140 1531 1176 enim
1554 1140 1697 1177 sciebat

1312 1194 1539 1242 scripturam
1560 1194 1649 1241 quia
1668 1205 1768 1242 opor

1312 1254 1364 1284 tet
1384 1259 1472 1284 eum
1493 1259 1688 1295 resurgere

1312 1313 1333 1337 a
1353 1300 1513 1338 mortuis

1312 1354 1531 1391 1⁰Abierunt
1554 1366 1645 1403 ergo
1669 1355 1806 1391 iterum

1313 1414 1404 1457 aput
1426 1420 1466 1444 se
1487 1408 1662 1457 discipuli

1312 1461 1469 1499 llMaria
1489 1470 1616 1498 autem
1637 1463 1762 1499 stabat

1312 1515 1360 1552 ad
1381 1524 1674 1553 monumentum

1312 1569 1465 1619 plorans
1486 1576 1525 1606 ut
1545 1581 1639 1618 ergo
1659 1568 1725 1619 plo

1312 1655 1427 1692 Rauit
1446 1655 1643 1692 inclinauit

1311 1721 1350 1746 se
1389 1716 1424 1746 et
1444 1710 1638 1758 prospexit
1659 1709 1698 1745 in

1310 1771 1604 1801 monumentum
1624 1763 1693 1800 ¹²et

1664 1826 1685 1847 0

1311 1859 1415 1897 uidet
1435 1859 1530 1897 duos
1551 1860 1698 1909 angelis

1311 1914 1349 1950 in
1370 1914 1463 1951 albis
1486 1913 1661 1951 sedentes
1682 1925 1706 1950 u

1312 1980 1404 2004 num
1425 1967 1473 2005 ad
1493 1975 1607 2016 caput
1628 1976 1664 2005 et
1683 1973 1790 2004 unu-

1312 2021 1361 2060 ad
1381 2021 1499 2071 pedes
1519 2021 1584 2058 ubi
1603 2022 1751 2068 positus

1312 2082 1393 2113 erat
1413 2087 1550 2125 corpus
1569 2075 1634 2112 ihu

1313 2129 1450 2167 ¹³Dicit
1469 2130 1502 2166 ei
1523 2129 1574 2166 illi
1594 2128 1731 2166 mulier

1314 2183 1405 2233 quid
1426 2183 1551 2232 ploras

1314 2237 1418 2274 Dicit
1437 2237 1490 2274 eis
1510 2237 1694 2287 quoniam
1714 2242 1755 2274 tu

1313 2291 1435 2328 lerunt
1455 2291 1547 2328 dom
1567 2303 1698 2328 meum

1315 2352 1352 2382 et
1371 2345 1500 2382 nescio
1519 2346 1585 2383 ubi
1605 2357 1728 2394 posue

1314 2406 1402 2436 runt
1420 2411 1510 2436 eum

1315 2453 1459 2490 14Haec
1481 2465 1568 2490 cum
1590 2452 1745 2490 dixisset

1315 2519 1503 2545 conuersa
1523 2513 1579 2544 est
1598 2514 1718 2544 retror

1315 2572 1401 2598 sum
1457 2567 1494 2598 et
1513 2560 1617 2598 uidet
1637 2560 1716 2597 ihm

1313 2622 1479 2651 stantem

1314 2667 1365 2705 Et
1386 2679 1465 2705 non
1486 2668 1630 2705 sciebat
1649 2667 1739 2716 quia

1314 2721 1372 2759 ihs
1392 2728 1448 2759 est
1503 2721 1628 2759 ¹⁵dicit
1648 2722 1683 2758 ei
1702 2721 1760 2758 ihs

1315 2775 1451 2812 mulier
1470 2775 1562 2824 quid
1583 2775 1710 2824 ploras

1316 2840 1549 2878 quemquem
1570 2829 1696 2878 queris

1316 2883 1385 2920 Illa
1405 2882 1625 2920 existimans
1646 2883 1735 2932 quia

1316 2936 1511 2976 ortulanus
1529 2944 1585 2975 est
1605 2936 1695 2974 dicit

1833 334 1880 371 Ei
1901 334 1975 372 dne
2042 335 2071 372 si
2092 342 2129 372 tu
2151 342 2257 373 sustu

1834 388 1907 426 listi
1928 401 2017 426 eum
2038 389 2097 426 dic
2118 389 2211 426 mihi

1834 442 1899 479 ubi
1919 443 2080 491 posuisti
2099 455 2188 480 eum
2207 450 2244 481 et

1834 508 1909 544 ego
1929 508 2017 533 eum
2038 497 2166 534 tollam

1835 550 1955 586 l⁰dicit
1974 550 2008 587 ei
2029 551 2085 587 ihs
2106 551 2227 588 maria

1836 610 1872 640 et
1893 615 2078 641 conuersa
2098 605 2159 640 illa
2179 605 2216 641 di

1837 657 1887 694 cit
1907 656 2103 695 hebreicae
2124 659 2192 695 rab

1837 711 1929 747 boni
1949 712 2051 759 quod
2072 712 2219 760 interpe

1838 770 1955 800 tratur
1975 765 2155 810 magister
2175 765 2249 802 dne

1838 816 1864 837 ¹⁷
1872 816 1972 854 Dicit
1987 818 2020 854 ei
2034 817 2091 855 ihs
2104 819 2181 855 noli
2194 831 2254 855 me
2268 824 2332 856 ta-

1839 883 1927 919 gere
1948 871 2121 908 nondum
2144 872 2238 908 eni-

1839 925 1994 962 ascendi
2014 925 2063 962 ad
2083 931 2232 974 patrem

1838 991 1969 1016 meum

1838 1031 1950 1069 Uade
1971 1039 2098 1070 autem
2120 1032 2168 1070 ad
2189 1033 2243 1070 fra

1839 1092 1913 1123 tres
1933 1098 2042 1123 meos
2061 1094 2096 1123 et
2117 1087 2176 1125 dic
2197 1087 2223 1123 il

1839 1139 1884 1176 lis
1905 1140 2074 1177 ascendo
2095 1141 2143 1178 ad
2163 1153 2213 1190 pa

1840 1199 1936 1230 trem
1958 1205 2087 1230 meum
2109 1201 2144 1231 et
2164 1194 2213 1231 ad

1840 1254 1989 1295 patrem
2010 1255 2179 1284 uestrum

1841 1300 1908 1337 dm
1929 1312 2059 1337 meum
2079 1308 2116 1338 et
2135 1301 2203 1338 dm

1841 1361 2010 1391 uestrum

1842 1407 1993 1445 ¹⁸Uenit
2012 1408 2133 1445 maria
2151 1420 2243 1458 mag

1842 1461 1999 1499 dalenae
2021 1463 2179 1500 adnunti

1843 1528 1912 1553 ans
1933 1515 2124 1565 discipulis
2145 1516 2233 1566 quia

1842 1569 1936 1606 uidit
1957 1570 2047 1607 dom
2068 1577 2104 1608 et
2124 1570 2216 1608 haec

1842 1655 1948 1693 Dixit
1968 1656 2061 1692 mihi

1841 1709 1975 1747 ¹⁹Cum
1995 1722 2088 1759 ergo
2109 1722 2193 1749 sero
2213 1717 2310 1748 esset

1984 1773 1996 1793 1

1842 1812 1878 1844 et
1897 1806 1957 1844 die
1978 1806 2055 1844 ullo
2075 1819 2154 1844 uno
2174 1808 2243 1844 sab

1841 1861 2019 1897 batorum
2040 1867 2076 1898 et
2094 1861 2230 1899 ianuae

1842 1921 1968 1951 essent
1989 1914 2116 1952 clusae
2137 1915 2201 1952 ubi
2221 1927 2242 1952 e

1842 1976 1927 2005 rant
1948 1968 2121 2017 discipuli
2142 1969 2261 2007 collec

1842 2022 1870 2058 ti
1890 2029 2045 2071 propter
2065 2030 2211 2059 metum

1843 2076 2042 2113 iudeorum
2080 2076 2182 2113 uenit

1843 2129 1902 2167 ihs
1922 2137 1957 2167 et
1978 2130 2076 2167 stetit
2095 2130 2134 2166 in
2154 2129 2283 2168 medio

1842 2191 1878 2221 et
1899 2184 1949 2221 ait
1968 2183 2022 2221 eis

1843 2238 1923 2274 Pax
1936 2237 2046 2275 uobis
2059 2237 2129 2275 ²⁰et
2142 2250 2229 2275 cum
2244 2236 2338 2276 haec

1844 2292 1999 2329 dixisset
2018 2293 2181 2329 ostendit
2202 2292 2255 2329 eis

1843 2357 1982 2383 manus
2002 2353 2038 2382 et
2059 2345 2155 2382 latus
2174 2353 2211 2382 et
2231 2357 2282 2394 ga

1845 2400 1916 2436 uisi
1937 2406 2022 2436 sunt
2043 2398 2216 2449 discipuli

1843 2454 1929 2490 uiso
1949 2452 2041 2490 dffio

1843 2507 1869 2527 ²¹
1878 2506 1984 2543 Dixit
2004 2519 2094 2556 ergo
2114 2506 2168 2544 eis
2188 2506 2246 2544 ihs
2265 2507 2316 2544 ite

1843 2572 1927 2598 rum
1947 2572 2022 2609 pax
2043 2560 2153 2598 uobis

1844 2615 1940 2651 sicut
1961 2614 2061 2650 misit
2081 2626 2142 2651 me
2162 2621 2268 2663 pater

1843 2675 1879 2705 et
1899 2680 1972 2716 ego
1992 2668 2101 2705 mitto
2121 2679 2191 2705 uos

1844 2720 1992 2759 ²²Haec
2013 2734 2101 2759 cum
2121 2721 2277 2758 dixisset

1844 2775 2034 2812 insuflabit
2054 2782 2090 2813 et
2111 2776 2160 2813 ait
2180 2775 2250 2813 illis

1845 2829 2006 2878 adcipite
2027 2832 2113 2878 spm
2135 2835 2202 2867 sr'ic

1844 2882 2044 2934 ²³quorum
2064 2883 2233 2921 remiseri

1845 2937 1877 2976 is
1897 2945 2056 2987 peccata
2076 2938 2255 2975 remitte*

1940 3015 2003 3040 one
2022 3003 2108 3053 leqf
2115 3003 2147 3039 is
2167 3003 2243 3039 losl.
