2504 3382
175 196 222 232 16

175 282 256 312 Fol.
274 283 329 312 31.

178 325 308 362 Habet
329 323 464 361 decem
483 322 624 360 talenta

175 378 315 415 2⁹0mni
335 377 437 414 enim
458 376 610 413 habenti

176 431 325 468 dabitur
344 438 380 467 et
400 429 608 467 abundauit

176 486 210 522 ei
231 492 359 522 autem
376 484 440 533 qui
457 496 534 520 non
555 482 669 519 habet

176 546 213 576 et
233 538 337 588 quod
358 538 471 574 habet
491 536 615 573 aufere

176 600 237 630 tur
256 593 304 629 ab
323 603 370 629 eo
446 590 518 628 8⁰et
537 602 603 627 ne-

532 640 669 695 [quam

178 710 331 737 seruum
351 697 507 747 proicite
528 697 628 734 foras

177 753 215 789 in
235 753 411 790 tenebras
431 752 574 788 exterio

176 818 236 844 res
255 807 330 843 illic
351 806 418 843 erit
438 805 546 842 fletus
565 810 602 841 et

177 860 312 898 stridor
333 859 504 896 dentium

176 914 284 949 LXX3¹
297 912 391 951 Cum
405 917 520 949 aulem
535 912 674 948 uenerit

177 968 276 1005 filius
296 967 459 1004 hominis
479 967 518 1002 in
538 977 602 1001 ma

176 1021 307 1059 iestate
328 1032 394 1057 sua
413 1026 449 1056 et
469 1030 604 1056 omnes

178 1074 303 1123 angeli
324 1085 412 1110 cum
434 1080 522 1109 tunc
543 1084 582 1108 se

178 1128 280 1165 debit
301 1139 412 1175 super
432 1126 563 1163 sedem

177 1181 385 1219 maiestatis
405 1192 494 1217 suae
515 1178 586 1216 3²et

177 1235 536 1284 congraegabuntur

179 1296 265 1326 ante
285 1300 373 1325 eum
393 1299 527 1324 omnes
548 1291 627 1335 ge*

178 1350 235 1380 tes
255 1348 292 1379 et
312 1341 499 1390 separauit
519 1352 585 1377 eos

178 1397 228 1433 ab
248 1395 411 1432 inuicem
432 1395 525 1432 sicut
544 1405 614 1443 pas

178 1456 238 1487 tor
259 1456 431 1498 segregat
452 1460 544 1485 oues
565 1448 614 1484 ab

178 1503 310 1540 haedis
330 1502 402 1539 3³³et
422 1509 557 1539 statuet
577 1512 671 1538 oues

179 1556 228 1594 ad
249 1556 390 1594 dextris
411 1556 488 1592 suis
506 1555 650 1593 haedos

178 1617 306 1648 autem
326 1622 348 1647 a
368 1609 526 1647 sinistris

179 1741 327 1778 ³⁴Tunc
340 1739 438 1777 dicet
453 1751 518 1776 rex
534 1738 592 1776 his
608 1737 672 1788 qui

178 1795 228 1832 ad
248 1794 387 1831 dextris
407 1799 493 1830 sunt
513 1793 593 1830 eius

179 1848 318 1885 Uenite
336 1847 524 1885 benedicti
544 1859 595 1896 pa

180 1904 245 1940 tris
265 1902 340 1938 mei
360 1901 551 1950 possidete

179 1963 446 2005 praeparatum
467 1955 577 1991 uobis

180 2021 342 2058 regnum
363 2021 384 2045 a
404 2009 568 2045 constitu

179 2063 281 2100 tione
301 2062 434 2099 mundi
490 2062 592 2098 3‘'’esu

180 2117 223 2154 rii
243 2116 345 2154 enim
366 2124 401 2152 et
422 2115 575 2152 dedistis

179 2170 273 2207 mihi
292 2169 526 2207 manducare

179 2224 281 2261 sitibi
301 2230 337 2260 et
357 2223 510 2260 dedistis
530 2222 582 2259 mi

181 2277 219 2314 hi
238 2278 367 2314 uiuere
387 2276 529 2326 hospes
550 2283 641 2314 era*

179 2338 216 2368 et
235 2331 432 2379 tollegistis
452 2342 513 2367 me
533 2330 607 2367 asin

181 2385 310 2422 firmus
330 2391 366 2422 et
385 2384 563 2421 uisitastis

181 2451 242 2476 me
262 2439 301 2476 in
322 2450 471 2476 carcere
492 2444 587 2475 era-

182 2500 218 2529 et
238 2493 393 2529 uenistis
412 2491 460 2528 ad
480 2504 543 2528 me

181 2545 331 2583 ³⁷Tunc
352 2545 636 2594 respondebunt

182 2599 215 2636 ei
236 2600 322 2636 iusti
343 2599 522 2636 dicentes·

183 2652 257 2689 dr'ie
278 2652 431 2701 quando
451 2660 486 2689 te
506 2652 584 2689 uidi

183 2717 270 2742 mus
289 2706 514 2742 esurientem

184 2766 220 2795 et
240 2770 377 2807 pamus
398 2766 432 2795 te
453 2767 515 2795 aut
535 2759 593 2796 siti

185 2819 313 2849 entem
334 2818 370 2848 et
390 2812 561 2849 dedimus

184 2866 252 2903 tibi
272 2872 405 2914 potum
427 2886 435 2894 ·
456 2865 646 2914 ³³quando

185 2926 312 2956 autem
332 2925 367 2956 te
389 2918 552 2956 bidimus

184 2972 375 3022 hospitem
395 2979 431 3010 et
451 2972 549 3010 colle

412 189 823 231 EUANGELIUM
851 189 960 228 SEC

704 320 841 358 Gimus
861 327 898 357 te
959 325 1022 356 aut
1043 318 1181 356 nudu-

703 381 738 411 et
751 374 994 422 coperuimus
1007 380 1043 411 te
1098 373 1198 410 aeaut

703 428 859 476 quando
880 434 916 464 te
937 427 1101 464 uidimus

703 481 894 517 infirmum
919 486 956 517 et
975 481 1013 517 in
1034 492 1100 518 car

703 547 789 572 cere
809 541 846 572 et
865 535 1041 572 uenimus
1061 533 1110 571 ad

702 595 738 625 te

703 642 789 679 ⁴0Et
808 641 1045 691 respondens
1070 653 1136 679 rex
1162 641 1198 678 di

704 703 763 734 cet
782 696 854 732 illis
874 708 985 732 amen
1007 695 1092 732 dico

703 750 815 787 uobis
835 750 1003 798 quandiu
1023 748 1116 786 fecis

703 804 750 840 tis
769 803 834 840 uni
855 803 991 839 horum
1013 802 1106 838 mini

704 869 857 894 morum
876 864 911 894 et
931 856 1023 893 mihi
1043 855 1133 893 fecis

703 911 749 948 tis
1087 906 1147 959 [ad
1169 908 1198 945 si

703 964 730 984 4¹
740 963 855 1000 Tunc
876 963 975 1000 dicet
997 969 1034 999 et
1057 962 1114 999 his
1135 962 1199 1011 qui

703 1017 828 1054 nistris
848 1023 935 1054 sunt
975 1016 1107 1053 discidi

704 1078 740 1108 te
761 1083 783 1107 a
802 1082 864 1107 me
884 1069 1073 1106 maledicti
1094 1069 1133 1105 in

704 1125 834 1173 ignem
853 1130 1049 1161 aeternum

705 1190 821 1228 quem
841 1177 1057 1226 preparauit
1076 1189 1126 1226 pa

704 1239 760 1269 ter
779 1243 887 1268 meus
907 1230 1061 1268 diabulo

704 1286 864 1322 ⁴2Esurii
883 1285 985 1322 enim
1005 1291 1041 1322 et
1056 1296 1134 1326 non
1151 1284 1198 1321 de

706 1339 810 1377 distis
830 1339 922 1375 mihi
942 1338 1132 1375 manduca

706 1405 746 1430 re
790 1393 888 1430 sitiui
908 1398 944 1429 et
965 1404 1044 1429 non
1065 1392 1173 1428 dedis

705 1448 751 1484 tis
771 1446 863 1482 mihi
882 1446 1008 1483 uiuere
1045 1445 1155 1482 ⁴²³hos

705 1512 773 1550 pes
794 1512 897 1537 eram
918 1506 953 1536 et
973 1511 1052 1536 non
1073 1499 1150 1537 reci

704 1553 811 1604 pistis
831 1566 894 1591 me
931 1553 1057 1590 nudus
1077 1560 1113 1591 et

708 1737 801 1776 Non
821 1737 1022 1786 operuistis
1041 1749 1104 1774 me

706 1792 880 1829 infirmus
902 1798 937 1829 et
957 1791 994 1827 in
1016 1802 1125 1828 carce

821 1855 885 1874 non
903 1844 1034 1874 uenistis
1050 1843 1092 1873 ad
1107 1852 1160 1874 me

706 1901 746 1926 re
766 1895 802 1925 et
822 1889 998 1925 uenimus
1019 1888 1067 1924 ad
1088 1895 1123 1924 te

705 1943 856 1980 44Tunc
876 1941 1165 1991 respondebunt

1087 1992 1143 2046 [et
1163 1995 1202 2043 ip

707 2050 738 2087 si
759 2049 926 2087 dicentes
948 2049 1034 2086 dffie
1055 2061 1159 2098 quan

708 2104 759 2141 do
780 2110 815 2140 te
835 2103 1001 2141 uidimus
1021 2103 1172 2140 esurie*

706 2164 786 2194 tem
868 2164 932 2194 aut
953 2157 1140 2194 sitientem

708 2219 774 2248 aut
793 2211 983 2260 hospitem
1065 2217 1129 2247 aut
1151 2222 1203 2246 nu

709 2265 800 2301 dum
883 2271 947 2301 aut
966 2263 1158 2300 infirmum

709 2326 772 2356 aut
793 2319 831 2355 in
851 2330 1041 2355 carcerem
1061 2324 1097 2354 et

708 2384 788 2409 non
807 2371 1105 2409 ministrauimus

709 2426 776 2462 tibi

709 2479 860 2516 4⁴³Tunc
873 2478 1121 2527 respondebit
1135 2477 1205 2514 illis

710 2533 840 2570 dicens
860 2544 974 2569 amen
994 2532 1080 2569 dieo

710 2587 820 2624 uobis
876 2586 1046 2636 quandiu
1067 2597 1147 2622 non

1085 2649 1131 2668 ml

709 2683 848 2722 fecistis
867 2683 933 2719 uni
953 2682 1000 2719 de
1020 2682 1134 2719 minis

710 2738 790 2774 istis
847 2749 916 2774 nec
937 2736 1031 2772 mihi
1052 2736 1144 2773 fecis

710 2792 792 2828 tis⁴¹6
801 2799 837 2828 et
849 2791 958 2827 ibunt
970 2790 1021 2826 hii
1037 2791 1074 2826 in
1088 2790 1207 2838 igne·-

711 2852 906 2881 aeternum
989 2843 1075 2880 iusti
1096 2856 1143 2880 au

712 2904 789 2934 tem
809 2898 848 2933 in
867 2897 984 2933 uitam
1005 2905 1109 2934 aeter

714 2962 805 2987 nam
1124 2947 1209 3001 [pos

712 3013 809 3039 LXXI
828 3002 888 3039 261
909 3002 966 3040 Et
976 3003 1131 3051 saelum
1160 3007 1212 3039 est

711 3067 829 3105 quam
849 3057 1090 3094 consumauit

712 3110 769 3146 ihs
790 3121 984 3146 sermones
1003 3109 1073 3147 hos
1094 3121 1158 3146 om

1556 189 1644 227 MA
1656 189 1733 227 TT
1725 189 1768 226 E
1771 189 1864 227 UM
1912 187 2017 243 [xxv.
2041 205 2055 227 2
2063 196 2212 228 8-xxv1.
2236 205 2251 227 2
2258 204 2288 235 3.

1266 277 1347 307 Pol.
1365 277 1421 307 32.

1266 319 1346 356 Nes
1368 319 1460 356 dixit
1476 319 1667 368 discipulis
1683 320 1758 356 suis

1265 373 1387 410 ²scitis
1401 373 1489 422 quia
1502 379 1589 421 post
1598 374 1758 410 biduum

1266 439 1380 476 pasca
1417 427 1481 464 fiet
1546 433 1584 463 et
1621 426 1718 463 filius

1637 477 1761 531 [homi

1267 534 1323 571 nis
1344 532 1510 570 tradetur
1529 538 1570 569 ut
1590 533 1693 570 cruci

1267 588 1402 635 figatur

1266 641 1403 677 ³Tunc
1423 640 1647 688 congregati
1673 646 1760 676 sunt

1267 694 1445 743 principis
1466 694 1709 730 sacerdotum

1267 755 1303 785 et
1322 749 1468 785 scribae
1489 755 1525 784 et
1545 748 1714 784 seniores

1266 801 1399 850 populi
1419 802 1456 837 in
1478 802 1615 838 atrium
1635 801 1721 849 prin

1266 855 1360 903 cipis
1381 854 1618 892 sacerdotum

1267 909 1331 957 qui
1353 908 1547 945 dicebatur
1568 907 1721 956 caiphas

1266 963 1323 999 4et
1344 962 1546 999 consilium
1566 961 1734 999 fecerunt

1646 1024 1667 1044 n

1266 1065 1306 1095 ut
1325 1059 1403 1095 ihm
1425 1058 1514 1096 dolo
1534 1064 1677 1096 teneret

1267 1119 1303 1149 et
1324 1113 1542 1150 occiderent

1266 1166 1475 1204 ⁵Dicebant
1494 1172 1621 1203 autem
1642 1178 1689 1202 ne
1710 1165 1749 1202 in

1268 1220 1329 1258 die
1350 1220 1447 1258 sesto
1467 1219 1649 1257 tumultus
1670 1220 1695 1256 fi

1268 1280 1346 1311 eret
1366 1274 1406 1310 in
1426 1274 1571 1323 populo

1267 1327 1389 1365 ⁶Cum
1410 1335 1536 1365 autem
1557 1333 1655 1365 esset
1675 1326 1732 1364 ihs

1268 1382 1306 1418 in
1327 1381 1506 1418 bethania
1525 1381 1564 1417 in
1585 1381 1702 1418 domo

1268 1435 1425 1472 simonis
1445 1435 1586 1483 leprosi
1641 1434 1708 1471 ⁷ac

1269 1488 1381 1527 cessit
1401 1488 1450 1525 ad
1469 1500 1556 1524 eum
1577 1487 1668 1524 muli

1268 1555 1307 1579 er
1327 1542 1474 1578 habens
1494 1540 1717 1578 alabastru-

1269 1595 1455 1644 unguenti
1474 1594 1629 1644 pretiosi
1649 1599 1686 1631 et

1269 1649 1405 1687 infudit
1425 1661 1538 1699 supra
1553 1656 1669 1697 caput
1683 1647 1765 1685 eius

1271 1736 1534 1773 Recumbente
1554 1734 1639 1784 ipso

1271 1789 1465 1827 ⁸Uidentis
1485 1795 1615 1826 autem
1635 1788 1729 1826 disci

1269 1844 1346 1894 puli
1367 1843 1548 1892 indignati
1569 1850 1658 1880 sunt

1271 1898 1440 1935 dicentes
1460 1904 1500 1934 ut
1521 1897 1612 1946 quid
1632 1908 1701 1945 per

1271 1953 1363 1989 ditio
1383 1951 1476 1988 haec
1572 1950 1712 1999 ⁹potuit

1270 2006 1373 2043 enim
1393 2005 1482 2042 istut
1501 2004 1682 2041 uenunda

1272 2060 1302 2096 ri
1322 2066 1357 2096 et
1378 2058 1456 2095 dari
1477 2058 1709 2107 pauperibus

1270 2113 1296 2133 ¹⁰
1308 2112 1426 2158 Quod
1446 2119 1487 2149 ut
1507 2112 1689 2159 cognouit
1709 2112 1767 2149 ihs

1273 2167 1367 2204 dixit
1388 2166 1458 2203 illis
1479 2166 1558 2215 quit
1578 2165 1699 2202 moles

1272 2221 1298 2258 ti
1317 2221 1406 2258 estis
1426 2219 1574 2257 mulieri
1595 2231 1692 2268 opus

1272 2275 1375 2312 enim
1394 2275 1538 2312 bonum
1559 2285 1677 2322 opera

1273 2335 1310 2365 ta
1330 2335 1385 2365 est
1406 2328 1444 2364 in
1464 2339 1526 2365 me

1273 2382 1298 2401 ¹¹
1309 2381 1411 2418 Nam
1420 2392 1609 2430 pauperes
1619 2391 1768 2429 semper

1273 2435 1418 2473 habetis
1438 2435 1639 2472 uobiscum

1274 2501 1335 2526 me
1356 2496 1484 2525 autem
1504 2500 1583 2525 non
1604 2499 1671 2524 sen

1274 2555 1341 2592 per
1361 2542 1505 2579 habetis
1526 2542 1725 2579 uobiscum

1274 2597 1300 2618 1²
1310 2596 1469 2634 Mittens
1490 2596 1593 2632 enirn
1613 2595 1708 2632 haec

1274 2658 1516 2698 unguentum
1537 2649 1609 2686 hoc
1631 2650 1670 2685 in

1275 2715 1414 2752 corpus
1434 2714 1562 2740 meum
1583 2702 1632 2739 ad
1653 2714 1693 2739 se

1274 2757 1507 2806 pelliendum
1527 2769 1588 2794 me
1608 2756 1696 2793 fecit

1275 2811 1438 2848 ¹³Amen
1459 2811 1545 2848 dico
1565 2810 1674 2847 uobis
1695 2811 1759 2847 ubi

1277 2876 1442 2913 cumque
1463 2864 1699 2912 predicatum

1277 2918 1386 2955 fuerit
1406 2918 1480 2955 hoc
1501 2917 1743 2966 euangelium

1277 2972 1316 3009 in
1335 2979 1417 3009 toto
1437 2970 1583 3008 mundo
1603 2971 1749 3008 dicetur

1791 320 1842 357 Et
1862 319 1967 370 quod
1987 320 2080 357 haec
2101 319 2189 357 fecit

1794 386 1832 410 in
1853 374 2038 411 memoria
2058 374 2175 422 ipsius

1792 427 1820 447 ¹⁴
1830 427 1944 465 Tunc
1965 428 2054 464 auiit
2073 439 2171 464 unus
2192 425 2238 463 de

1794 480 1998 518 duodecim
2019 481 2083 529 qui
2105 480 2179 518 dici

1794 541 1854 570 tur
1875 534 1980 571 iudas
2001 534 2166 571 scarioth

1795 587 1844 624 ad
1864 588 2042 636 principis
2063 587 2221 625 sacerdo

1794 647 1877 677 tum
1922 640 1994 678 1⁵et
2007 641 2056 677 ait
2073 641 2143 678 illis
2199 639 2290 690 quid

1795 694 1907 731 uultis
1927 694 2018 730 mihi
2039 694 2128 731 dare
2149 701 2185 731 et

1795 759 1870 796 ego
1892 747 2001 784 uobis
2021 759 2110 784 eum
2129 755 2185 784 tra

1795 801 1886 838 dam

1795 854 1858 891 Ad
1877 853 1930 890 illi
1949 853 2223 891 constituerunt

1797 908 1831 945 ei
1851 920 1928 944 xxx
1951 928 1960 936 ·
1981 914 2183 956 argenteos
2203 907 2274 945 ¹⁶et

1797 962 1934 999 exinde
1955 963 2140 1010 querebat
2159 974 2183 999 o

1797 1016 2067 1065 portunitatem
2088 1022 2130 1052 ut
2148 1026 2239 1052 eum

1795 1069 1961 1107 traderet

1795 1122 1943 1159 Lxxrr1⁷
1989 1122 2129 1160 Prima
2174 1126 2292 1159 aulem

2149 1173 2294 1228 [azymo

1798 1242 1882 1267 rum
1903 1230 2148 1268 adcesserunt

1798 1284 1969 1333 discipuli
1993 1285 2041 1321 ad
2062 1284 2141 1320 ihm
2162 1283 2276 1320 dice-

1798 1345 1854 1375 tes
1875 1338 1939 1374 ubi
1959 1338 2017 1375 uis
2038 1349 2218 1387 paremus

1797 1392 1864 1429 tibi
1884 1392 2118 1429 manducare
2138 1403 2208 1440 pas

1799 1445 1872 1482 cha

1798 1497 1894 1535 ¹8Ad
1910 1498 1969 1535 ille
1985 1498 2077 1535 dixit
2093 1498 2141 1535 ite
2161 1498 2200 1535 in
2220 1497 2296 1535 ciui

1799 1559 1917 1589 tatem
1937 1551 1985 1589 ad
2005 1552 2199 1600 quendam

1799 1613 1836 1643 et
1856 1605 1968 1643 dicite
1988 1606 2023 1643 ei
2078 1605 2202 1655 magis

1799 1735 1880 1773 Ter
1900 1735 1989 1774 dicit
2009 1741 2160 1785 tempus
2179 1747 2242 1772 me

1799 1802 1865 1827 um
1885 1801 2004 1839 prope
2024 1797 2080 1826 est
2100 1796 2191 1838 aput
2211 1796 2247 1827 te

1800 1843 1898 1881 facio
1918 1856 2005 1880 cum
2026 1843 2219 1892 discipulis

1799 1898 1894 1934 meis
1914 1897 2057 1946 pascha

1800 1951 1884 1988 ¹⁹Et
1903 1951 2071 1988 fecerunt
2092 1949 2267 1999 discipuli

1801 2006 1896 2042 sicut
1917 2005 2113 2042 constituit
2133 2005 2205 2041 illis

1801 2059 1858 2096 ihs
1879 2066 1915 2097 et
1935 2065 2167 2108 parauerunt
2187 2069 2257 2107 pas

1803 2114 1875 2150 cha

1801 2166 2007 2215 2⁰Uespere
2028 2172 2157 2203 autem
2178 2165 2278 2203 facto

1802 2220 1991 2257 discubuit
2011 2220 2067 2256 ihs
2150 2231 2239 2256 cum

1802 2274 2007 2311 duodecim
2027 2273 2223 2322 discipulis

1803 2328 1880 2364 suis

1803 2381 1887 2418 ²¹Et
1903 2380 2101 2417 edentibus
2116 2379 2185 2417 illis
2206 2379 2300 2418 dixit

1803 2447 1918 2472 amen
1938 2434 2026 2471 dico
2046 2434 2157 2471 uobis

1804 2488 1909 2538 quod
1930 2500 2029 2525 unus
2049 2495 2219 2525 uestrum

1804 2555 1866 2579 me
1886 2542 2089 2579 traditurus
2108 2548 2164 2578 est

1805 2596 1889 2633 2²Et
1909 2595 2118 2633 contristati
2137 2595 2250 2632 nimis

1805 2656 1960 2699 ceperut
1981 2649 2119 2697 singuli
2140 2649 2222 2686 dice

1806 2716 1845 2741 re
1867 2702 2052 2752 numquid
2073 2714 2147 2750 ego
2169 2714 2254 2739 sum

1805 2757 1879 2794 dfie

1805 2809 1930 2858 2³1pse
1950 2820 2042 2846 uero
2063 2808 2273 2858 respondes

1806 2865 1856 2900 ait
1876 2863 1940 2911 qui
1961 2862 2111 2910 intingit
2132 2867 2274 2900 mecu“

1806 2928 1965 2953 manum
1986 2916 2024 2952 in
2045 2916 2275 2965 parapside*

1806 2970 1867 3008 hic
1887 2982 1950 3007 me
1970 2970 2091 3008 tradet

2165 3036 2222 3061 un
