2504 3382
286 199 337 224 vr.
360 200 494 235 54-vr1.
516 185 588 240 21.]
642 188 1056 231 EUANGELJUM
1084 192 1194 232 SEC

288 273 370 303 1¹01.
390 274 448 304 56.

286 314 401 361 ⁵*Qui
420 316 629 355 manducat
649 325 767 357 mea-

287 380 441 406 carnem
461 376 497 407 et
517 370 620 408 bibet
640 384 701 409 rne

286 433 353 458 um
374 424 600 472 sanguinem
622 425 736 464 habet

285 476 406 512 uitam
425 483 618 515 aeternam
673 486 710 516 et

286 541 359 578 ego
380 531 614 569 resuscitabo
634 545 723 570 eum

284 583 325 619 in
346 584 554 622 nouissima
576 586 635 623 die
656 587 781 625 55caro

284 647 372 673 mea
392 649 480 674 uere
500 646 557 675 est
576 640 681 677 cibus
702 648 738 678 et

285 691 439 738 sanguis
458 703 567 729 meus
587 705 675 731 uere
696 701 753 732 est

283 751 395 791 potus

283 797 397 843 ⁶⁶Qui
422 799 628 837 manducat
652 813 779 839 meam

283 862 439 888 carnem
459 859 495 889 et
516 853 649 891 biberit

283 915 413 941 meum
434 907 660 954 sanguinem

282 958 320 994 in
340 969 402 995 me
422 966 552 997 manet
571 967 608 997 et
633 973 706 1010 ego

280 1011 318 1047 in
338 1012 401 1048 illo
528 1013 558 1050 si
579 1014 725 1062 adcepe

280 1065 327 1101 rit
347 1065 465 1103 homo
484 1078 624 1115 corpus
645 1068 696 1104 fili

280 1117 446 1156 hominis
467 1121 702 1167 quemadmo

280 1171 372 1208 dum
468 1184 610 1220 panem
631 1175 668 1210 ui

279 1231 339 1261 tae
359 1225 513 1263 habebit
532 1227 651 1264 uitam
672 1228 711 1264 in

277 1278 342 1315 illo
461 1279 593 1317 ⁵⁷sicut
613 1293 674 1318 me
695 1281 748 1318 mi

278 1332 325 1369 sit
345 1338 453 1380 pater
473 1333 583 1371 uiuus
603 1341 641 1371 et
661 1347 735 1384 ego

277 1385 368 1422 uiuo
387 1393 542 1435 propter
561 1395 695 1436 patre*

277 1445 314 1475 et
334 1441 398 1489 qui
419 1441 623 1479 manducat
643 1454 706 1479 me

276 1499 313 1529 et
333 1493 415 1542 ipse
434 1494 539 1532 uiuet
561 1502 717 1545 propter

276 1558 338 1584 me

275 1728 388 1767 58Ηίθ
407 1736 464 1768 θεῖ
483 1732 593 1780 panis
613 1734 678 1782 qui
697 1734 743 1772 de

274 1784 382 1821 caelo
402 1784 599 1823 descendit

274 1848 353 1873 non
374 1838 471 1874 sicut
491 1847 615 1887 patres
635 1853 701 1878 ues

272 1891 318 1927 tri
338 1892 664 1931 manducauerunt

271 1955 456 1982 mannam
476 1947 515 1982 in
536 1947 645 1985 deser

270 2004 311 2035 to
332 2005 367 2035 et
387 2000 525 2036 mortui
546 2009 633 2038 sunt

271 2050 350 2097 Qui
370 2055 576 2091 manducat
596 2055 698 2093 hunc

269 2116 410 2153 panem
430 2107 533 2144 uiuet
554 2109 592 2144 in
612 2121 658 2145 ae

268 2165 419 2197 ternum
528 2161 655 2200 ⁵⁹haec
675 2163 713 2200 di

267 2213 322 2249 xit
342 2213 381 2249 in
401 2226 598 2264 synagoga
619 2217 670 2253 do

268 2278 359 2304 cens
379 2269 539 2307 sabbato
559 2271 598 2306 in
619 2269 691 2308 cha

267 2332 456 2369 parnaum

267 2381 352 2409 XIII
368 2375 618 2425 ⁶⁰Mullz‘erg0
632 2379 764 2416 audien

266 2433 323 2464 tes
345 2440 391 2465 ex
413 2429 609 2479 discipulis
627 2432 709 2470 eius

266 2481 444 2520 dixerunt
464 2483 579 2521 durus
599 2491 656 2522 est

264 2533 325 2572 hic
345 2547 471 2573 sermo
491 2544 527 2573 et
546 2539 630 2586 quis

262 2595 387 2637 potest
408 2601 498 2626 eum
517 2591 647 2629 audire

261 2641 490 2691 ⁶¹Cognouit
509 2651 636 2682 autem
657 2646 715 2684 ihs

261 2703 354 2744 aput
373 2698 622 2747 semetipsum

261 2750 352 2799 quia
370 2760 607 2790 murmurant

259 2803 436 2853 discipuli
454 2805 537 2843 eius
619 2806 658 2844 di

260 2857 315 2893 xit
334 2858 388 2895 eis
476 2859 549 2897 hoc
569 2872 639 2898 uos
660 2868 758 2899 sca-

259 2910 398 2949 dalizat
418 2911 542 2963 ⁶²quid
563 2926 657 2963 ergo

258 2976 349 3002 cum
367 2966 537 3005 uideritis
556 2968 675 3006 filium

820 320 1001 359 Hominis
1021 322 1214 361 ascende*

819 381 895 411 tem
916 375 980 412 ubi
1000 382 1079 413 erat
1098 377 1202 426 prius

818 428 844 448 ⁶³
854 432 918 476 sps
939 436 995 466 θεῖ
1015 430 1079 478 qui
1100 431 1268 468 uiuificat

819 493 908 518 narn
930 495 1018 520 caro
1039 495 1115 520 non
1136 496 1205 533 pro

819 535 900 572 dest
921 537 1128 585 quicquam

816 590 933 626 uerba
954 602 1052 638 quae
1071 602 1145 638 ego
1164 591 1202 628 lo

817 649 926 679 cutus
946 655 1030 680 sum
1051 645 1162 680 uobis
1183 648 1248 693 sps

816 702 852 733 et
872 696 948 733 uita
968 703 1024 733 est
1155 698 1258 735 ⁰⁴sed

817 756 903 786 sunt
923 762 970 786 ex
989 750 1100 787 uobis
1121 752 1264 800 quida-

815 803 880 851 qui
900 815 980 840 non
1001 804 1160 842 credunt

815 856 959 893 sciebat
979 858 1081 894 enim
1102 858 1160 895 ihs
1181 859 1245 908 qui

814 917 941 947 essent
961 922 1041 947 non
1061 912 1199 949 crede-

814 969 890 1000 tes'
1009 970 1046 1001 et
1066 966 1149 1013 quis
1170 972 1227 1004 tra

813 1017 959 1054 diturus
979 1025 1078 1055 esset
1097 1031 1185 1056 eum

812 1070 884 1106 65θῖ
904 1070 1053 1109 dicebat
1072 1079 1274 1121 propterea

813 1123 890 1159 dixi
910 1125 1022 1162 uobis
1133 1128 1222 1175 quia
1241 1140 1289 1165 ne

812 1188 877 1214 mo
898 1184 1023 1225 potest
1043 1179 1173 1216 uenire

812 1230 883 1266 nisi
903 1230 1034 1268 datum
1055 1232 1105 1268 illi
1125 1233 1234 1271 fuerit

811 1282 1011 1321 desursum
1032 1297 1054 1322 a
1075 1292 1180 1334 patre

810 1336 904 1374 66ΕΧ
926 1337 1001 1375 hoc
1020 1351 1114 1388 ergo
1135 1340 1240 1378 multi

811 1391 1085 1440 discipulorum
1106 1394 1187 1432 eius

809 1445 983 1482 abierunt
1004 1452 1103 1483 retro
1122 1455 1159 1484 et

809 1499 971 1547 amplius
992 1512 1080 1537 curn
1100 1501 1206 1539 illum

809 1563 888 1589 non
909 1553 1156 1592 ambulabam

806 1735 834 1756 ⁶⁷
844 1734 947 1774 Dixit
962 1748 1053 1786 ergo
1069 1738 1126 1776 ihs
1141 1739 1212 1777 illis
1227 1739 1303 1779 duo

807 1789 934 1826 decim
955 1791 1149 1840 discipulis
1169 1805 1263 1831 num

806 1843 897 1891 quid
917 1850 954 1880 et
974 1856 1042 1882 uos
1062 1846 1175 1884 uultis
1195 1848 1247 1885 ire

804 1895 832 1917 ⁶⁸
841 1896 1056 1946 Respondit
1069 1900 1101 1936 ei
1115 1901 1239 1938 simon
1254 1914 1301 1950 pe

803 1957 882 1987 trus
902 1958 939 1988 et
958 1952 1050 1990 dixit
1070 1953 1144 1991 dne
1252 1956 1300 1993 ad

803 2016 918 2052 quem
939 2006 1078 2044 iuimus
1186 2020 1253 2046 uer

803 2058 852 2094 ba
873 2059 972 2095 uitae
993 2067 1143 2098 aeterne
1163 2061 1208 2098 ds

802 2110 920 2149 habes
940 2113 1011 2150 6⁹et
1030 2126 1102 2151 nos
1122 2116 1226 2153 credi

802 2177 888 2202 mus
908 2173 945 2203 et
965 2169 1217 2216 cognouimus

801 2219 890 2268 quia
909 2226 949 2256 tu
968 2232 1008 2259 es
1028 2225 1101 2270 xps
1122 2222 1218 2261 filius
1237 2223 1278 2261 di

799 2284 878 2309 uiui

798 2326 885 2363 ⁷0Et
904 2328 1098 2376 respondit
1117 2330 1174 2368 ihs
1193 2331 1286 2370 dixit

798 2380 869 2417 illis
890 2393 1019 2419 nonne
1039 2395 1113 2432 ego
1132 2396 1203 2422 uos

798 2434 1001 2472 duodecim
1021 2437 1118 2486 elegi
1138 2446 1175 2476 et

796 2499 895 2525 unus
914 2501 961 2526 ex
981 2491 1092 2528 uobis
1113 2492 1227 2530 diabu

796 2541 853 2578 lus
874 2549 930 2579 est

794 2593 821 2614 ⁷¹
830 2595 992 2634 Dicebat
1011 2604 1139 2636 autem
1161 2599 1209 2637 de
1229 2600 1259 2638 si

794 2660 911 2686 mone
931 2650 1019 2688 iuda
1040 2653 1205 2691 scarioht

793 2701 852 2739 hic
872 2704 975 2741 enim
995 2705 1202 2755 incipiebat

793 2756 940 2794 tradere
960 2770 1048 2795 eum
1068 2771 1168 2797 unus

792 2821 882 2847 cum
901 2819 1000 2849 esset
1019 2824 1066 2849 ex
1087 2814 1213 2853 duode

791 2864 867 2901 cim
1170 2866 1292 2920 [labat

792 2927 894 2954 XIIII
908 2923 926 2957 7
934 2917 946 2938 ¹
958 2920 1055 2957 Post
1063 2922 1149 2959 baec
1160 2923 1287 2960 ambu-

790 2972 848 3009 ihs
868 2973 907 3010 in
926 2973 1102 3022 galileam
1123 2989 1202 3015 non

1779 199 1876 239 [ΘΑ
1883 200 2072 242 DNEM

1386 283 1467 315 Fol.
1485 285 1540 316 57.

1384 325 1498 362 Enim
1519 326 1682 365 habebat
1701 334 1812 378 potes

1383 385 1499 416 tatem
1520 381 1558 416 in
1580 381 1731 419 iudeam
1752 395 1816 420 am

1383 433 1537 469 bulandi
1557 435 1646 483 quia
1665 448 1782 485 quere

1382 486 1474 522 bant
1494 499 1580 524 eum
1601 489 1701 526 iudei
1721 491 1818 528 inter

1382 539 1494 576 ficere

1380 591 1492 630 ²Erat
1506 601 1630 631 autem
1645 596 1682 632 in
1700 597 1876 645 proximo

1382 646 1460 683 dies
1480 646 1598 685 festus
1618 649 1809 687 iudeoru-

1381 703 1635 749 scenopegiae
1719 703 1827 741 3dixe

1380 761 1466 790 runt
1487 761 1615 792 autem
1635 756 1683 793 ad
1703 769 1792 794 eum

1380 806 1509 845 fratres
1529 810 1610 846 eius
1667 811 1784 848 transi

1380 860 1467 898 hinc
1487 869 1522 899 et
1541 863 1641 901 uade
1661 864 1698 901 in
1720 865 1859 902 iudea*

1379 921 1420 952 ut
1440 922 1476 952 et
1495 915 1667 966 discipuli
1688 919 1739 955 tui
1760 919 1848 956 uide

1379 974 1444 1005 ant
1528 982 1645 1018 opera
1665 984 1764 1021 quae
1783 973 1876 1010 facis

1378 1022 1513 1060 ⁴nemo
1529 1025 1620 1073 quid
1642 1025 1731 1063 facit
1751 1026 1789 1063 in
1809 1039 1857 1065 oc

1378 1075 1480 1112 culto
1594 1079 1685 1127 quid
1705 1079 1794 1117 facit

1378 1130 1500 1178 querit
1518 1131 1600 1179 ipse
1621 1134 1658 1169 in
1680 1134 1809 1182 palam

1377 1195 1460 1220 esse
1481 1184 1512 1220 si
1531 1184 1625 1223 haec
1646 1186 1738 1225 facis
1758 1200 1822 1225 ma

1377 1236 1512 1274 nifesta
1532 1243 1568 1275 te
1588 1240 1714 1289 ipsum
1734 1241 1786 1278 hu

1376 1290 1410 1326 ic
1431 1291 1576 1329 mundo

1375 1343 1533 1393 ⁵Neque
1553 1346 1655 1384 enirn
1676 1354 1767 1385 tunc
1786 1347 1842 1385 fra

1376 1405 1449 1435 tres
1470 1399 1550 1436 eius
1570 1401 1777 1439 credebant

1374 1451 1413 1487 in
1433 1464 1522 1488 eum

1373 1504 1493 1543 ⁶Dicit
1506 1518 1599 1554 ergo
1611 1507 1664 1544 eis
1679 1507 1737 1545 ihs
1792 1515 1870 1548 tem

1373 1570 1445 1608 pus
1466 1571 1596 1597 meum
1615 1561 1788 1600 nondum

1371 1740 1541 1781 Aduenit
1650 1751 1800 1795 tempus

1371 1803 1498 1833 autem
1518 1804 1686 1835 uestrum
1708 1808 1778 1837 se*

1369 1862 1436 1898 per
1455 1856 1510 1887 est
1529 1859 1703 1899 paratum
1764 1854 1870 1893 7ηο-

1369 1910 1495 1952 potest
1514 1906 1681 1943 mundus
1702 1907 1765 1945 odi

1369 1969 1409 1994 re
1429 1969 1501 1995 uos
1522 1970 1584 1996 me
1605 1966 1730 1998 autem

1368 2011 1448 2048 odit
1557 2015 1739 2062 quoniam

1368 2077 1441 2113 ego
1462 2066 1724 2105 testimonium

1367 2119 1547 2167 perhibeo
1569 2120 1616 2157 de
1636 2121 1700 2159 illo
1719 2123 1809 2172 quia

1367 2184 1484 2221 opera
1504 2174 1585 2211 eius
1606 2176 1706 2213 mala
1726 2184 1814 2215 sunt

1366 2225 1456 2263 8υοε
1477 2228 1667 2266 ascendite
1687 2231 1736 2267 ad
1757 2232 1794 2268 di

1365 2291 1426 2316 em
1446 2280 1585 2319 festum
1605 2295 1679 2332 ego
1699 2296 1749 2322 au

1364 2340 1441 2370 tem
1461 2347 1538 2373 non
1560 2337 1728 2375 ascendo

1363 2387 1411 2424 ad
1433 2388 1533 2426 diem
1554 2389 1692 2428 festum
1713 2392 1814 2431 hunc

1362 2442 1451 2491 quia
1470 2449 1620 2492 tempus
1640 2457 1770 2484 meum

1362 2495 1533 2534 nondum
1553 2498 1740 2547 inpletum

1360 2556 1417 2586 est

1360 2602 1493 2642 ⁹Haec
1514 2617 1601 2642 cum
1619 2605 1768 2645 dixitset
1787 2608 1857 2647 illis

1359 2656 1442 2705 ipse
1461 2660 1599 2696 mansit
1620 2661 1657 2696 in
1677 2661 1751 2709 gali

1358 2710 1458 2747 leam
1569 2712 1643 2750 1⁰ut
1663 2715 1827 2754 ascende

1357 2772 1444 2802 runt
1465 2764 1595 2803 fratres
1615 2767 1695 2805 eius

1357 2823 1448 2856 tunc
1469 2826 1505 2856 et
1525 2819 1606 2868 ipse
1627 2833 1742 2860 ascen

1358 2871 1409 2908 dit
1429 2872 1477 2909 ad
1497 2872 1599 2911 diem
1619 2874 1757 2914 festum

1356 2937 1435 2963 non
1456 2927 1655 2966 manifeste
1676 2931 1743 2968 sed

1355 2980 1462 3030 quasi
1483 2981 1522 3018 in
1541 2983 1694 3021 occulto

2362 223 2412 259 29

1913 330 2055 369 11Iudei
2075 345 2168 382 ergo
2188 347 2304 385 quere

1913 386 2006 423 bant
2026 399 2115 424 eum
2139 388 2177 425 in
2198 391 2257 427 die
2278 391 2333 429 fes

1912 444 1951 528 tlt}
1971 446 2007 477 et
2026 439 2204 480 dicebant
2224 445 2289 482 ubi
2308 451 2366 482 est

1912 505 1922 528 1
1952 505 1973 529 e

1911 545 1994 584 ¹2Et
2014 560 2186 587 murmur
2206 551 2253 588 de
2273 551 2336 590 illo

1910 607 1989 638 erat
2007 601 2045 638 in
2066 604 2174 640 turba
2195 605 2341 655 quida*

2163 667 2184 687 n

1910 697 2013 733 enim
2033 697 2181 737 dicebat
2201 702 2290 751 quia

1910 750 2037 787 bonus
2058 759 2115 790 est
2170 755 2229 792 alii
2250 762 2364 795 aute*

2027 813 2047 834 n

1910 845 2060 884 dicebat
2079 861 2158 887 non
2226 852 2295 890 sed

1911 900 2056 939 seducit
2076 904 2264 952 populum

1910 953 2061 993 ¹³nemo
2081 963 2211 995 tamen
2229 959 2358 1008 palam

1909 1007 2136 1057 loquebatur
2155 1012 2204 1050 de
2224 1014 2288 1052 illo

1910 1070 2065 1111 propter
2083 1073 2228 1104 metum
2249 1068 2287 1106 iu

1909 1116 2091 1154 daeorum

1906 1167 2022 1206 ¹⁴1am
2043 1179 2170 1210 autem
2191 1174 2251 1213 die
2270 1175 2368 1216 festo

1907 1224 2100 1263 mediante
2120 1230 2292 1267 ascendit

1907 1276 1964 1312 ihs
1983 1277 2022 1314 in
2044 1282 2226 1330 templum
2247 1289 2284 1321 et
2303 1283 2354 1323 do

1906 1331 2016 1368 cebat

1906 1383 1933 1403 ¹⁵
1942 1382 2184 1425 Mirabantur
2203 1402 2295 1439 ergo

1906 1437 2006 1475 iudei
2026 1440 2194 1480 dicentes
2215 1456 2292 1493 quo

1905 1493 2024 1529 modo
2044 1493 2103 1532 hic
2123 1495 2260 1536 litteras

1905 1547 2011 1583 nouit
2120 1562 2208 1589 cum
2227 1564 2307 1591 non

1904 1599 2074 1639 didicerit

1903 1652 2150 1704 ¹⁶Respondit
2170 1658 2239 1697 illis
2261 1660 2318 1699 ihs
2338 1669 2376 1700 et

1903 1748 1997 1787 dixit
2017 1762 2103 1789 mea
2123 1752 2297 1793 doctrina

1903 1814 1982 1840 non
2002 1811 2058 1841 est
2145 1808 2213 1844 sed
2232 1809 2313 1847 eius
2332 1811 2398 1860 qui

1903 1869 1964 1894 me
1984 1858 2086 1896 misit
2159 1860 2221 1899 ¹⁷si
2242 1864 2327 1912 quis
2346 1877 2398 1903 uo

1901 1910 2010 1948 luerit
2028 1913 2266 1953 uoluntatem

1901 1965 1981 2001 eius
2001 1965 2124 2004 facere
2144 1980 2291 2018 cognos

1900 2025 1961 2055 cet
1981 2019 2028 2056 de
2047 2020 2220 2060 doctrina
2238 2031 2354 2061 utru-

1899 2072 1946 2108 de
1966 2072 2018 2110 do
2038 2081 2094 2111 est
2114 2087 2163 2112 an
2183 2088 2257 2125 ego
2277 2091 2299 2116 a
2319 2092 2382 2117 me

1897 2125 1981 2174 ipso
1996 2127 2131 2177 loquar
2146 2129 2171 2149 ¹⁸
2180 2132 2244 2180 qui
2262 2153 2269 2160 ·
2287 2145 2309 2170 a
2325 2152 2334 2162 ·
2351 2145 2394 2172 se

1896 2181 2060 2229 metipso
2081 2183 2248 2232 loquitur

1894 2234 2055 2281 gloriam
2077 2248 2184 2274 suam
2205 2251 2276 2287 pro

1894 2288 1996 2336 piam
2018 2292 2139 2338 querit
2195 2293 2260 2341 qui
2279 2305 2328 2331 au

1894 2347 1971 2379 tem
1991 2344 2112 2392 querit
2129 2345 2293 2394 gloriam

1893 2395 1972 2432 eius
1992 2397 2057 2445 qui
2077 2399 2176 2436 misit
2195 2400 2300 2438 illum

1891 2460 2008 2486 uerax
2029 2458 2085 2488 est
2185 2460 2222 2490 et
2242 2454 2282 2491 in

1891 2503 2029 2541 iustitia
2047 2505 2086 2542 in
2106 2505 2169 2543 illo
2190 2519 2269 2545 non
2290 2515 2347 2547 est

1891 2555 2055 2595 19ῐιοηηθ
2075 2571 2228 2608 moyses
2248 2561 2352 2601 dedit

1891 2611 2001 2648 uobis
2021 2611 2146 2662 legem
2217 2616 2310 2664 quid

1889 2676 1950 2701 me
1970 2667 2125 2715 queritis
2143 2668 2266 2706 interfi

1886 2730 1971 2755 cere

1887 2770 1917 2791 ²⁰
1925 2771 2140 2821 Respondit
2159 2777 2269 2814 turba
2288 2783 2325 2815 et
2345 2778 2383 2816 di

1886 2825 1940 2863 xit
1960 2826 2184 2866 demonium
2205 2830 2319 2869 habet

1885 2880 1952 2928 qui
1972 2887 2008 2918 te
2029 2883 2151 2931 querit
2169 2884 2292 2922 interfi

1885 2934 1963 2971 cire

1883 2986 2133 3038 2¹Respondit
2147 2991 2201 3030 eis
2217 2992 2275 3030 ihs
2290 2998 2326 3030 et
2341 2993 2380 3031 di
