2504 3382
238 200 293 225 111.
316 199 434 225 20—1v.
456 184 527 239 24]
585 184 994 224 EUANGELJUM

238 274 319 304 Pol.
336 275 403 304 159
409 297 416 304 .

240 327 268 352 Χ
279 316 350 353 ²⁰E
348 322 365 353 l
373 315 587 353 z'nlroz‘uz‘lz'n
599 315 734 352 domu-

239 378 277 407 et
295 370 478 407 conuenit
500 370 635 406 iterum

242 425 351 461 turba
371 423 420 460 ad
439 423 518 460 ihm
542 423 593 459 ita
612 429 653 460 ut

240 490 318 515 non
339 484 468 527 posset
487 476 632 514 mandu

238 544 324 569 care
344 543 485 580 panem

238 585 322 622 ”Et
341 595 429 622 cum
449 584 640 621 audissent
660 582 708 622 de

238 651 286 677 eo
307 639 452 676 scribae
472 644 508 674 et
528 638 643 675 ceteri

238 693 412 730 exierunt
431 698 559 729 tenere
580 696 655 728 eu*

240 746 418 784 dicebant
438 746 539 783 enim
560 757 638 794 quo

239 800 343 836 niam
364 799 550 836 exsentiat
570 810 635 836 eos

239 853 323 890 22Εῐ
339 853 484 890 scribae
500 865 596 902 quae
612 853 661 889 ab
673 851 734 890 hie

240 907 441 956 rosolymis
461 907 591 943 discen

240 961 373 998 derant
393 960 570 997 dicebant
590 971 667 1008 quo

240 1015 343 1051 niam
364 1014 536 1051 belzebul
557 1014 670 1050 habet

240 1068 454 1117 principem
474 1067 656 1104 demonio

239 1133 324 1159 rum
397 1128 434 1158 et
453 1133 520 1170 per
539 1132 628 1157 eum

240 1176 327 1212 eicit
347 1174 526 1211 demonia

241 1228 322 1265 ²³Et
342 1227 562 1265 conuocatis
582 1226 636 1263 eis
654 1225 693 1262 in

241 1281 431 1332 parabolis
451 1281 601 1318 dicebat
621 1280 675 1316 eis

240 1336 326 1373 dms
346 1335 403 1372 ihs
459 1333 656 1384 quomodo

240 1395 367 1439 potest
386 1396 538 1427 satanas
558 1394 640 1425 sata

242 1456 319 1480 nan
339 1443 462 1480 eicere
529 1442 600 1479 2⁴¹et
621 1441 654 1479 si

239 1509 402 1546 regnum
423 1496 462 1532 in
482 1502 601 1533 semet

242 1551 328 1601 ipso
349 1550 540 1587 diuidatur
559 1561 638 1587 non

242 1637 372 1674 Potest
392 1642 490 1674 stare
510 1648 578 1685 reg

242 1703 336 1728 num
357 1690 449 1727 illud

242 1744 326 1782 ²⁵Et
345 1744 374 1781 si
395 1744 554 1782 domum
573 1755 685 1792 super

243 1799 325 1847 ipsa
345 1798 583 1847 dispertiatur

242 1864 323 1889 non
343 1858 470 1901 potest
490 1850 626 1888 domus

242 1905 305 1942 illa
324 1914 421 1943 stare

246 1959 330 1996 ²⁶Et
350 1960 380 1997 si
403 1966 554 1996 satanas
579 1963 738 1996 satana-

243 2013 396 2062 expellit
462 2013 579 2050 diuidi

244 2074 304 2104 tur
322 2079 436 2115 super
454 2077 615 2115 regnum

243 2121 323 2158 eius
344 2132 422 2157 non
441 2127 566 2169 potest
586 2127 643 2157 sta

242 2187 281 2212 re
302 2174 369 2211 sed
389 2175 504 2211 finem
524 2174 638 2211 habet

244 2227 408 2265 ²⁷Ne1no
429 2235 556 2265 autem
577 2232 701 2276 potest

243 2294 337 2319 uasa
357 2281 462 2319 fortis
483 2281 634 2330 diripire

244 2336 437 2385 ingressus
456 2336 493 2372 in
515 2335 663 2373 domu*

244 2390 316 2426 nisi
338 2390 439 2437 prius
460 2389 595 2426 sortem

244 2443 384 2491 adliget
403 2449 441 2480 et
460 2450 550 2480 tunc
572 2443 623 2480 do

243 2508 352 2533 mum
372 2497 452 2533 eius
473 2497 620 2545 diripiet

244 2550 405 2587 ²⁸Amen
426 2550 512 2587 dico
532 2551 642 2588 uobis
662 2561 740 2600 quo

243 2604 347 2641 niam
366 2604 601 2641 remittentur

245 2658 375 2696 omnia
395 2665 553 2706 peccata
573 2664 609 2695 et

247 2711 504 2760 blasphemiae
525 2711 608 2749 filiis

245 2765 446 2802 hominum
549 2765 648 2814 ²⁹qui

245 2825 371 2856 autem
392 2818 617 2868 blasphema

244 2873 339 2909 uerit
358 2873 396 2909 in
417 2876 489 2920 spu
513 2878 580 2911 sco
600 2879 680 2911 no*

310 2959 458 2977 BUCHANAN

768 313 926 351 Habent
947 313 1195 351 remissione-

768 368 835 405 sed
854 380 940 405 reus
959 368 1027 404 erit
1047 367 1210 415 senpiter

768 422 805 458 ni
825 422 949 459 dilecti
969 421 1187 470 ³⁰quoniam

768 475 945 512 dicebant
965 475 1069 512 illum
1090 477 1177 522 spm

767 529 1008 566 immundum
1029 528 1127 565 habe

767 595 806 619 re
969 582 1040 619 ³¹et
1061 581 1165 619 uenit

766 642 886 673 mater
904 636 984 673 eius
1003 642 1039 673 et
1059 636 1192 672 fratres

766 690 845 727 eius
863 696 899 727 et
920 689 1009 727 foris
1028 696 1170 726 stantes

767 744 949 781 miserunt
968 742 1016 780 ad
1036 743 1141 779 illum

768 804 952 834 uocantes
972 809 1061 834 eum
1081 795 1153 833 ³2et

769 851 952 888 sedebant
972 850 1072 888 circa
1092 855 1168 888 eu-

769 905 902 941 turbae

767 957 816 994 Et
836 957 963 995 dicunt
983 957 1017 994 ei
1036 969 1126 995 ecce
1147 968 1211 993 ma

768 1018 822 1049 ter
841 1018 905 1049 tua
924 1018 961 1048 et
979 1011 1111 1048 fratres
1133 1011 1186 1048 tui

769 1072 806 1102 et
827 1077 976 1102 sorores
996 1071 1082 1102 tuae
1102 1065 1192 1102 foris

769 1125 932 1167 querunt
952 1126 987 1155 te
1037 1118 1137 1167 ⁸⁸qui
1157 1129 1217 1155 res

768 1173 944 1221 pondens
965 1172 1058 1209 dixit
1078 1172 1148 1209 illis
1168 1184 1201 1221 q·

767 1232 823 1263 est
844 1232 965 1263 mater
984 1237 1071 1262 mea
1109 1232 1173 1262 aut

768 1279 833 1328 qui
853 1279 989 1317 fratres
1010 1279 1085 1316 mei
1117 1279 1190 1316 ³⁴et

767 1334 987 1382 cirspiciens
1008 1345 1073 1370 eos
1097 1333 1162 1382 qui

767 1387 806 1423 in
827 1387 983 1424 circuitu
1003 1387 1083 1424 eius
1104 1386 1194 1424 sede

767 1442 833 1478 bat
853 1441 946 1478 dixit
966 1453 1055 1478 ecce
1075 1446 1196 1478 mater

770 1506 856 1532 mea
875 1502 911 1532 et
932 1494 1064 1532 fratres
1083 1494 1157 1531 mei

770 1549 871 1597 35qui
891 1549 994 1586 enim
1015 1548 1145 1586 fecerit
1163 1560 1215 1586 uo

772 1635 978 1673 Luntatem
999 1635 1038 1672 di
1076 1635 1137 1673 hic
1156 1647 1219 1673 me

771 1702 816 1727 us
837 1690 951 1727 frater
970 1695 1007 1727 et
1027 1701 1137 1727 soror
1155 1695 1193 1727 et

770 1750 889 1782 mater
907 1750 964 1781 est

774 1808 822 1834 ΧΙ
831 1807 847 1834 4
860 1797 1179 1846 ¹Elc0qfi2'lz'lerum
1186 1796 1265 1834 doce

772 1865 812 1890 re
833 1851 881 1889 ad
901 1863 1005 1888 mare
1025 1858 1062 1888 et
1083 1863 1228 1899 congre

772 1912 860 1955 gata
879 1913 936 1942 est
957 1905 1006 1941 ad
1026 1916 1114 1941 eum
1133 1911 1194 1941 tur

773 1962 822 1997 ba
842 1959 960 1996 multa
980 1959 1030 1995 ita
1051 1966 1091 1995 ut
1111 1958 1149 1995 in
1170 1970 1220 1996 na

772 2025 862 2051 uem
882 2013 1091 2050 ascendens
1112 2024 1152 2049 se

773 2068 879 2105 deret
898 2067 1072 2115 proxime
1094 2066 1179 2103 litus

773 2128 809 2159 et
829 2122 953 2158 omnis
972 2121 1083 2158 turba
1107 2121 1230 2157 stabat

770 2176 809 2212 in
829 2175 936 2212 litore
992 2174 1047 2211 2et
1066 2173 1230 2211 docebat

772 2241 839 2266 eos
860 2229 899 2264 in
919 2227 1109 2277 parabolis
1129 2227 1248 2264 multa

771 2283 821 2320 Et
840 2282 990 2319 dicebat
1009 2281 1078 2318 illis
1099 2281 1137 2318 in
1158 2281 1231 2319 doc

771 2338 867 2374 trina
887 2347 956 2373 sua
1010 2335 1155 2373 ³audite
1185 2347 1228 2372 ec

773 2403 817 2428 ce
838 2390 927 2427 exiit
947 2389 1140 2426 seminans
1160 2401 1202 2426 se

773 2444 917 2480 minare
937 2443 992 2480 ‘et
1013 2443 1105 2480 dum
1126 2442 1220 2480 semi

775 2505 840 2535 nat
860 2497 1001 2546 aliquid
1022 2497 1156 2534 cecidit
1176 2508 1216 2534 se

774 2563 841 2589 cus
861 2553 962 2588 uiam
1018 2557 1055 2588 et
1074 2562 1174 2587 uene

773 2613 860 2642 runt
880 2617 969 2642 aues
989 2611 1026 2642 et
1046 2616 1156 2642 come

773 2660 910 2696 derunt
929 2671 975 2696 ea
1030 2658 1150 2695 ⁵aliud
1170 2669 1217 2695 ue

773 2725 816 2750 ro
838 2713 971 2750 cecidit
993 2724 1106 2760 supra
1127 2724 1194 2760 pre

773 2775 878 2804 trosa
919 2774 955 2803 et
976 2766 1158 2814 quoniam

774 2833 854 2858 non
875 2820 1040 2857 habebat
1060 2824 1187 2856 terra*

772 2874 932 2912 multam
953 2874 1076 2911 statim
1098 2886 1144 2911 ex

1664 179 1733 218 SC
1760 178 2031 218 MARCUM

1326 268 1408 297 Fol.
1427 268 1507 297 160.

1330 310 1468 348 Ortum
1489 316 1545 347 est
1565 310 1655 360 quia

1329 376 1408 401 non
1432 363 1599 401 habebat
1621 363 1767 401 altitudi

1330 429 1419 454 nem
1439 423 1561 455 terrae
1617 418 1672 455 ⁶et
1693 423 1769 455 cu*

1328 477 1483 508 exortus
1502 478 1558 508 est
1577 471 1633 508 sol
1653 483 1768 509 exaes

1327 525 1448 562 tuabit
1469 525 1652 573 quoniam
1672 531 1751 562 no-

1328 578 1495 615 habebat
1514 578 1682 616 radicem
1703 584 1740 615 et

1328 632 1474 669 exaruit
1603 632 1658 669 7et
1679 631 1781 669 aliud

1327 685 1465 723 cecidit
1484 685 1523 722 in
1544 685 1671 735 spinas
1700 692 1736 723 et
1756 686 1795 722 in

1327 739 1585 777 crescentibus
1605 739 1723 788 spinis

1328 793 1559 831 suffocatum
1579 800 1636 830 est
1655 799 1692 830 et
1713 792 1791 831 fruc

1328 854 1409 884 tum
1430 859 1509 884 non
1529 847 1633 885 dedit

1329 900 1462 938 ⁸Aliud
1478 907 1606 938 autem
1628 901 1764 939 cecidit
1784 901 1823 938 in

1330 961 1466 992 terram
1487 955 1630 992 bonam
1649 961 1686 992 et

1330 1008 1395 1045 dat
1416 1008 1577 1045 fructum
1597 1020 1711 1046 ascen

1330 1062 1484 1100 dentem
1504 1068 1540 1099 et
1561 1062 1704 1100 adferet

1329 1122 1566 1153 crescentem
1584 1128 1705 1153 unum

1331 1170 1592 1207 tricensimum
1613 1177 1649 1206 et
1668 1170 1716 1207 ali

1332 1224 1384 1261 ud
1405 1223 1717 1272 sexagensimum

1330 1277 1432 1314 aliud
1450 1289 1544 1315 uero
1564 1278 1790 1315 centisimu-

1330 1332 1391 1368 ⁹et
1412 1331 1561 1368 dicebat
1581 1332 1645 1380 qui
1665 1331 1780 1369 habet

1331 1397 1441 1422 aures
1462 1385 1590 1422 audiat
1611 1392 1646 1422 et
1666 1385 1757 1423 intel

1331 1439 1461 1487 legens
1480 1439 1674 1488 intellegat

1332 1492 1415 1529 ¹⁰Et
1435 1505 1522 1530 cum
1543 1499 1641 1530 esset
1661 1492 1810 1542 singula

1331 1546 1380 1584 ris
1397 1547 1713 1596 interrogaueru‘·

1331 1634 1434 1670 Eum
1455 1633 1627 1682 discipuli
1647 1633 1729 1671 eius

1333 1700 1430 1737 quae
1451 1694 1548 1725 esset
1568 1687 1662 1725 haec
1683 1700 1733 1737 pa

1334 1742 1463 1779 rabola
1491 1741 1561 1779 11et
1582 1742 1672 1778 dixit
1692 1741 1765 1779 illis

1333 1795 1457 1833 Uobis
1477 1795 1608 1832 datum
1629 1802 1685 1832 est
1704 1807 1774 1833 nos

1336 1861 1375 1886 se
1395 1850 1614 1898 mysterium
1635 1848 1674 1885 di
1703 1849 1773 1886 illis

1334 1910 1462 1940 autem
1483 1903 1547 1951 qui
1569 1903 1661 1940 foris
1681 1910 1769 1940 sunt

1334 1957 1372 1993 in
1393 1957 1582 2005 parabolis
1603 1957 1739 1994 dicitur

1334 2011 1421 2048 1²Ut
1440 2010 1612 2048 uidentes
1633 2011 1786 2048 uideant

1334 2070 1371 2102 et
1391 2076 1471 2102 non
1491 2064 1645 2101 uideant
1665 2071 1701 2101 et
1721 2076 1769 2102 au

1334 2119 1479 2156 dientes
1499 2118 1628 2156 audiat
1655 2124 1692 2155 et
1711 2123 1793 2155 no‘

1334 2172 1553 2221 intellegant
1608 2177 1765 2222 nequa*

1334 2227 1384 2264 do
1408 2232 1679 2264 conuertantur

1334 2287 1371 2318 et
1395 2280 1583 2318 remittam
1603 2280 1656 2318 eis
1676 2292 1746 2329 pec

1333 2341 1417 2372 cata

1335 2388 1360 2408 ¹³
1369 2388 1416 2425 Et
1429 2387 1478 2425 ait
1492 2387 1561 2425 illis
1574 2387 1729 2426 nescitis
1737 2399 1828 2436 para

1331 2441 1464 2479 bolam
1482 2442 1595 2479 istam
1616 2449 1652 2479 et
1672 2453 1751 2491 quo

1334 2496 1452 2533 modo
1473 2507 1610 2534 omnes
1630 2508 1724 2545 para

1334 2550 1442 2587 bolas
1462 2550 1704 2598 cognoscetis

1333 2603 1432 2652 “qui
1452 2604 1614 2641 seminat
1634 2603 1784 2640 uerbu-

1335 2657 1495 2694 seminat
1542 2655 1612 2693 ¹⁵hi
1633 2664 1761 2694 autem

1334 2711 1398 2760 qui
1420 2717 1508 2747 sunt
1528 2711 1627 2748 circa
1646 2711 1750 2747 uiam

1334 2765 1472 2814 quibus
1493 2765 1700 2801 seminatur

1334 2819 1495 2855 uerbum
1524 2825 1561 2855 et
1581 2830 1668 2855 cum
1689 2830 1736 2855 au

1334 2872 1469 2910 dierint
1489 2873 1593 2909 uenit
1612 2871 1798 2910 confesti‘

2298 183 2317 218 8
2329 193 2343 218 1

1857 309 2018 347 Satanas
2064 314 2101 346 et
2120 308 2205 345 aufe

1856 371 1911 400 ret
1930 363 2092 400 uerbum
2112 362 2216 411 quod

1857 416 2089 454 seminatum
2109 423 2166 454 est
2185 416 2225 452 in

1857 470 1974 508 corda
1994 482 2129 507 eorum
2185 469 2255 507 ieet
2275 469 2314 507 hi

1856 530 1944 561 sunt
1964 524 2029 573 qui
2051 523 2288 561 seminantur

1856 589 1970 626 super
1990 584 2185 626 petrosam
2205 578 2270 627 qui

1856 643 1944 669 cum
1965 631 2153 668 audierint
2171 643 2239 669 uer

1855 685 1948 721 bum
1968 696 2056 721 cum
2075 685 2216 732 gaudio

1856 737 2052 787 adeipiunt
2072 738 2163 774 illud
2183 738 2254 775 1⁷et

1857 804 1937 829 non
1958 791 2100 828 habent
2119 791 2158 827 in
2179 803 2218 828 se
2238 803 2281 828 ra

1859 845 1982 882 dicem
2003 845 2070 882 sed
2089 851 2264 893 tempora

1857 899 1912 936 les
1933 906 2020 936 sunt
2040 898 2177 936 deinde
2197 910 2242 935 or

1858 960 1896 991 ta
1916 952 2158 990 tribulatione
2178 959 2214 989 et

1859 1007 2121 1057 persecutione
2142 1018 2241 1056 prop

1859 1067 1916 1098 ter
1935 1061 2097 1097 uerbum
2115 1067 2151 1097 et
2171 1072 2246 1097 con

1860 1114 1985 1152 festim
2006 1114 2252 1152 scandaliza—

1859 1174 1919 1205 tur
2081 1167 2153 1205 ¹3et
2173 1167 2236 1204 alii

1861 1228 1947 1259 sunt
1967 1221 2031 1271 qui
2051 1221 2089 1258 in
2110 1221 2227 1270 spinis
2247 1232 2287 1259 se

1860 1276 2051 1313 minantur
2071 1275 2110 1311 hi
2130 1281 2217 1312 sunt

1860 1329 1925 1378 qui
1945 1329 2102 1366 audiunt
2122 1329 2271 1366 uerbu-

1860 1382 1930 1421 ¹⁹et
1950 1382 2211 1421 sollicitudinis
2230 1381 2291 1420 uic

1859 1444 1919 1474 tus
1939 1444 1975 1475 et
1994 1436 2266 1474 delectationes

1862 1490 1996 1528 mundi
2016 1490 2237 1528 incedentes

1864 1545 2053 1583 suffocant
2072 1545 2235 1582 uerbum

1861 1631 1911 1669 Et
1932 1632 2011 1669 sine
2030 1631 2195 1668 fructum
2215 1630 2276 1668 effi

1862 1686 2010 1724 ciuntur
2083 1685 2167 1721 2⁰hii
2188 1690 2277 1722 sunt

1861 1746 1989 1778 autem
2010 1739 2075 1789 qui
2097 1750 2211 1787 super
2230 1744 2286 1775 ter

1861 1806 1943 1831 ram
1965 1794 2107 1830 bonam
2128 1791 2258 1830 cecide

1862 1853 1949 1885 runt
1969 1847 2125 1884 audium
2145 1847 2294 1883 uerbu-

1862 1908 1898 1939 et
1919 1901 2129 1950 suscipiunt
2148 1907 2184 1937 et
2203 1900 2286 1937 fruc

1862 1955 1979 1993 tificat
1998 1966 2119 1991 unum
2138 1954 2259 1991 tricen

1865 2010 2003 2046 simum
2024 2014 2060 2045 et
2079 2020 2199 2044 unum
2219 2019 2258 2044 se

1863 2063 2131 2112 xagensimum
2152 2073 2273 2098 unum

1862 2129 1956 2154 uero
1977 2116 2256 2153 centensimum

1862 2170 1933 2207 ²¹et
1954 2170 2106 2208 dicebat
2125 2170 2196 2206 illis

1863 2223 2064 2273 Numquid
2083 2222 2304 2261 accenditur

1863 2279 2057 2316 lucernam
2078 2284 2114 2314 et
2134 2277 2204 2314 sub
2223 2287 2289 2312 mo

1862 2333 1926 2370 dio
1946 2339 2110 2382 ponatur
2129 2336 2193 2368 aut
2213 2330 2284 2367 sub

1861 2387 1959 2424 lecto
1979 2393 2016 2423 et
2036 2397 2115 2422 non
2137 2395 2250 2432 supra
2270 2388 2344 2420 ca*

1862 2440 2056 2478 delabrum
2077 2446 2243 2488 ponatur

1861 2493 1988 2531 22Νοη
2009 2493 2110 2530 enim
2131 2499 2188 2530 est
2211 2492 2357 2528 absco-

1860 2560 1946 2585 sum
1976 2547 2043 2584 sed
2065 2553 2104 2583 ut
2122 2544 2284 2583 manifes

1860 2608 1958 2639 tetur
1979 2613 2049 2638 nec
2071 2600 2214 2637 factum
2234 2605 2291 2635 est

1861 2655 2056 2693 occultum
2077 2653 2142 2691 sed
2163 2660 2204 2690 ut
2224 2654 2263 2689 in

1860 2709 1987 2758 palam
2008 2709 2135 2745 ueniat
2156 2706 2253 2756 ²3qui
2275 2705 2324 2742 ha

1862 2765 1925 2800 bet
1945 2774 2054 2799 aures
2074 2762 2203 2799 audiat
2251 2757 2355 2811 [uide

1862 2826 1926 2852 XII
1942 2816 1969 2836 ²⁴
1978 2816 2033 2852 Et
2050 2815 2188 2852 dicebat
2205 2816 2279 2851 illis
2296 2814 2354 2850 ilis

1859 2879 1895 2908 te
1915 2871 2007 2920 quid
2029 2870 2187 2907 audiatis
2207 2870 2244 2905 in
2266 2879 2342 2917 qua
