2504 3382
151 204 202 240 68

153 291 233 320 Fol.
250 291 328 320 133.

153 333 279 379 ²⁹Qua
299 333 359 370 die
380 339 506 370 autern
527 330 618 368 exiit

152 386 207 424 lot
227 399 249 423 a
270 386 438 424 sodomis
472 385 566 434 pluit

153 441 281 489 ignem
303 440 350 477 de
371 439 476 477 caelo
510 445 547 474 et

152 493 314 543 perdidit
334 505 469 530 omnes
488 492 564 530 ³⁰se

153 547 320 584 cundum
341 547 435 583 haee
456 545 524 582 erit

152 600 192 637 in
213 600 271 637 die
293 599 344 636 fili
362 599 527 637 hominis

152 666 226 702 que
247 653 475 690 reuelabitur

152 708 233 744 ³¹In
254 707 316 743 illa
335 707 429 744 hora
450 706 514 755 qui
537 705 646 744 fuerit

152 761 192 797 in
212 767 311 798 tecto
332 768 368 798 et
388 772 480 798 uasa
500 760 580 798 eius

152 815 192 851 in
212 814 328 852 domo
348 826 428 851 non
448 814 587 851 descen

153 868 217 905 dat
236 868 367 905 tollere
386 868 489 904 illam
510 875 547 904 et

152 922 216 971 qui
237 922 275 958 in
296 934 386 970 agro
407 921 575 958 similiter

153 987 232 1012 non
251 975 380 1012 redeat
400 982 499 1011 retro
519 974 617 1011 3²me

151 1040 279 1065 mores
300 1034 418 1065 estote
439 1027 568 1065 uxoris

151 1082 230 1119 loth

151 1135 424 1184 ²³3Quicumque
432 1141 560 1172 autem
570 1146 643 1184 que

151 1189 250 1227 sierit
269 1189 438 1226 animam
458 1200 566 1225 suam

150 1243 296 1280 saluare
316 1243 446 1292 perdet
465 1254 551 1278 eam

149 1296 199 1335 Et
219 1297 450 1345 quicumque
471 1295 576 1345 perdi

151 1351 248 1388 derit
267 1350 370 1387 illam
390 1357 545 1399 propter

149 1416 211 1441 me
234 1403 378 1440 saluam
397 1404 507 1440 saciet
527 1402 551 1439 il

149 1457 226 1495 lam
407 1457 526 1494 3⁴²dico

149 1511 260 1548 uobis
279 1511 317 1547 in
337 1511 399 1548 illa
418 1517 536 1548 noctu

149 1571 261 1602 erunt
299 1565 375 1602 duo
395 1565 434 1602 in
454 1564 554 1602 lecto

149 1706 241 1732 uno·
279 1706 378 1731 unus
399 1693 493 1731 adsu

149 1755 273 1785 metur
293 1754 330 1785 et
350 1748 444 1785 alius
465 1761 504 1784 re

150 1801 338 1851 linquetur
375 1802 507 1839 35duae

149 1856 337 1893 molentes
357 1856 395 1892 in
415 1867 536 1893 unum

148 1921 225 1947 una
245 1909 463 1947 adsumetur

150 1970 187 2000 et
207 1975 283 2000 una
302 1964 533 2012 relinquetur

151 2017 229 2054 duo
249 2018 288 2053 in
307 2029 401 2065 agro
421 2029 520 2054 unus

150 2070 370 2107 adsumetur
390 2077 427 2107 et
445 2082 543 2108 unus

150 2123 384 2174 relinquetur

435 2187 456 2207 n

149 2220 232 2257 ssEt
252 2220 462 2270 respondes
482 2220 568 2258 d'uze

150 2282 238 2311 runt
257 2275 308 2311 illi
328 2275 392 2312 ubi
414 2275 488 2312 dne
507 2275 607 2324 3⁷qui

150 2329 222 2366 bus
241 2329 322 2378 ipse
344 2329 436 2366 dixit
456 2329 598 2366 ubicu-

151 2394 225 2431 que
245 2383 354 2419 fuerit
374 2394 512 2432 corpus

150 2435 238 2473 illuc
258 2437 538 2486 congregabu-

149 2495 208 2526 tur
228 2491 374 2539 aquilae
526 2487 644 2542 [clia-

150 2552 232 2579 Lmz
263 2553 297 2580 is
317 2543 493 2581 ¹Dz'cebat
526 2549 642 2581 aulem

150 2598 371 2645 parabolam
391 2598 439 2634 ad
459 2598 545 2636 illos

150 2650 333 2698 quoniam
352 2658 501 2700 oportet

153 2715 304 2752 semper
325 2715 431 2741 orare
453 2712 489 2742 et

151 2768 232 2794 non
253 2756 414 2793 deficere
434 2758 588 2796 ²dicens

152 2809 274 2847 Iudex
296 2810 450 2858 quidam
470 2819 549 2849 erat

150 2863 189 2900 in
210 2864 376 2913 quadam
397 2864 508 2901 ciuita

150 2923 228 2954 tem
249 2917 313 2967 qui
332 2917 399 2954 dm
419 2930 498 2954 non
519 2918 545 2955 ti

151 2971 279 3009 mebat
299 2976 336 3009 et
355 2970 551 3009 hominem

383 202 497 240 EUA
505 199 788 240 NGELJUM
812 198 922 238 SEC

678 328 770 366 Non
788 328 1031 365 reuerebatur

677 382 814 419 ³uidua
833 388 960 419 autem
980 394 1054 431 que

679 435 767 473 dam
788 443 867 472 erat
886 436 924 472 in
943 435 1094 472 ciuitate

679 501 777 538 quae
797 489 955 526 ueniens
976 501 1045 526 coe

679 544 734 592 pit
755 543 802 580 ad
823 543 927 580 illurn
947 542 1072 579 dicere

678 596 830 634 uindica
848 609 910 633 me
932 596 978 633 de
998 596 1048 633 ad

677 651 844 687 uersario
865 662 953 687 meo
974 650 1029 686 4et

679 704 833 742 nolebat
853 716 920 753 per
940 703 1088 740 multu*

677 764 830 807 tempus

678 811 770 849 Post
790 811 884 847 haec
905 816 1032 847 autem
1053 809 1090 846 di

678 865 731 902 xit
751 865 847 901 intra
867 876 907 901 se
927 864 957 900 si
977 863 1044 899 dm

678 930 757 955 non
778 919 894 954 timeo
914 929 984 954 nec
1005 916 1056 953 ho

677 971 821 1007 minem
842 982 976 1007 reueor
995 970 1053 1006 ⁵ta

677 1036 767 1062 men
789 1024 878 1072 quia
897 1024 1057 1061 molesta

676 1085 732 1115 est
751 1078 844 1114 mihi
864 1077 957 1114 haec
977 1077 1092 1114 uidua

676 1132 879 1169 uindicabo
899 1131 1001 1168 illam
1022 1143 1070 1167 ne

676 1186 714 1222 in
735 1185 948 1223 nouissimo
967 1185 1056 1221 ueni

876 1248 897 1268 n

677 1289 714 1320 at
734 1282 954 1329 constritgat
973 1293 1035 1319 me

677 1336 760 1373 6Ait
781 1343 906 1373 autem
928 1336 1013 1372 dms
1033 1335 1120 1372 audi

676 1397 713 1428 te
734 1389 825 1440 quid
845 1389 958 1427 iudex
979 1390 1099 1438 iniqui

676 1445 762 1481 tatis
783 1443 873 1481 dicit
945 1442 1010 1480 *ds
1029 1448 1145 1480 aute·-

677 1510 757 1535 non
779 1497 888 1534 faciet
908 1497 1036 1534 uindic

677 1558 755 1589 tam
775 1551 982 1589 electorum
1003 1563 1072 1588 suo

676 1617 761 1643 rum
781 1605 1027 1642 clamantium

676 1692 749 1730 Die
770 1704 815 1729 ac
834 1698 948 1729 nocte
968 1692 1098 1741 patien

675 1746 768 1783 tiam
788 1745 934 1783 habens
954 1746 993 1782 in
1011 1746 1080 1783 illis
1101 1745 1158 1783 ⁸di

676 1812 724 1838 co
745 1799 854 1837 uobis
875 1798 984 1836 faciet
1003 1799 1078 1837 cito

675 1854 884 1891 uindictam
903 1853 1052 1890 illorum

677 1908 832 1945 Tamen
851 1906 948 1944 filius
968 1907 1135 1944 hominis

676 1962 835 1999 ueniens
857 1969 968 2010 putas
989 1961 1076 1997 inue

676 2016 755 2053 niet
774 2016 889 2053 fidem
909 2015 947 2052 in
967 2021 1096 2052 terram

676 2079 777 2106 LVIII
795 2070 936 2108 ⁹D2'xz'l
947 2074 1064 2106 aulem
1079 2074 1112 2106 el
1124 2070 1177 2105 ad

1066 2121 1172 2174 [quos

678 2177 767 2215 dam
788 2177 851 2227 qui
871 2177 940 2215 sibi
960 2176 1111 2214 confide

677 2231 770 2268 bant
825 2239 1022 2280 tamquam
1042 2230 1099 2268 ius

677 2285 704 2321 ti
724 2291 850 2323 essent
888 2292 924 2322 et
945 2297 1081 2333 sperne

677 2339 768 2376 bant
789 2346 937 2376 ceteros
958 2338 1069 2375 simili

677 2392 849 2430 tudinem
869 2393 979 2429 istam

677 2445 800 2483 1⁰Duo
819 2446 994 2483 homines
1013 2457 1126 2483 ascen

677 2499 811 2537 derunt
830 2500 869 2536 in
889 2498 1032 2548 templo
1054 2506 1094 2536 ut

677 2561 829 2591 orarent
883 2565 982 2590 unus
1000 2565 1054 2602 pu

676 2607 848 2645 blicanus
868 2613 905 2644 et
923 2619 1022 2644 unus
1042 2606 1119 2656 pha

677 2662 795 2699 riseus
815 2661 953 2698 nstans
973 2661 1099 2710 itaque

677 2715 874 2764 phariseus
895 2715 947 2752 sic
968 2715 1101 2752 orabat

677 2768 722 2806 ds
743 2770 882 2818 gratias
902 2780 977 2818 ago
997 2769 1062 2805 tibi

677 2823 766 2871 quia
785 2835 865 2860 non
887 2835 973 2860 sum
994 2823 1090 2860 sicut

675 2876 789 2913 ceteri
808 2875 984 2913 homines
1003 2888 1071 2925 rap

677 2935 778 2966 tores
798 2929 924 2966 iniusti
944 2929 1071 2967 adulte

678 2982 707 3019 ri
727 2982 788 3019 uel
807 2983 922 3020 etiam
942 2983 1036 3020 sicut
1055 2981 1115 3020 hic

1529 199 1830 239 LUCANUM
1879 198 1988 253 [xvn.
2012 213 2187 250 29-xvm.
2210 215 2263 246 30-

1238 285 1320 314 Fol.
1338 285 1416 314 134.

1239 327 1469 364 Publicanus
1543 326 1570 348 ¹²
1582 327 1710 365 ieiuno

1238 381 1296 418 bis
1320 381 1359 417 in
1383 381 1543 417 sabbato
1565 380 1735 419 decimas

1239 434 1290 472 do
1310 434 1484 471 omniurn
1504 446 1671 483 quecum

1239 500 1313 536 que
1334 487 1516 537 possideo

1238 541 1321 578 13Et
1336 541 1561 590 publicanus
1577 553 1598 577 a
1618 540 1734 590 longe

1240 602 1344 632 stans
1395 594 1550 632 nolebat
1570 607 1642 632 nec

1239 648 1371 686 oculus
1391 649 1430 685 in
1450 648 1573 685 celum
1593 648 1681 685 leua

1240 714 1280 739 re
1336 702 1404 739 sed
1425 703 1662 751 percutiebat

1239 762 1373 805 pectus
1394 767 1504 792 suum
1525 755 1654 793 dicens

1240 809 1327 846 drhe
1346 808 1392 846 ds
1411 809 1616 858 propitiare
1637 809 1690 846 mi

1239 862 1277 898 hi
1298 864 1490 911 peccatori

1238 915 1732 965 ¹⁴Dicou0bisquiadesce‘

1238 969 1291 1006 dit
1311 969 1370 1007 hic
1391 969 1618 1018 publicanus

1238 1023 1461 1060 iustificatus
1481 1024 1519 1060 in
1541 1023 1689 1061 domu*

1240 1089 1349 1114 suarn
1369 1078 1491 1126 magis
1511 1089 1628 1127 quam
1649 1078 1674 1114 il

1238 1131 1272 1168 16
1294 1131 1490 1180 phariseus
1546 1131 1635 1180 quia

1238 1185 1364 1222 omnis
1384 1185 1448 1234 qui
1469 1197 1509 1222 se
1529 1185 1666 1222 exaltat

1240 1239 1495 1276 humiliabitur
1515 1245 1551 1276 et
1572 1239 1638 1287 qui

1239 1304 1278 1329 se
1298 1292 1471 1330 humiliat
1491 1292 1615 1330 exalta

1238 1346 1336 1383 bitur

1238 1400 1505 1437 ¹⁵Adferebant
1525 1407 1652 1437 autem

1240 1454 1289 1491 ad
1308 1454 1413 1490 illum
1435 1461 1470 1490 et
1490 1453 1652 1490 infantes

1239 1514 1279 1544 ut
1298 1519 1364 1544 eos
1383 1513 1556 1556 tangeret
1594 1506 1698 1556 quod

1239 1573 1327 1599 cum
1348 1561 1521 1598 uiderent
1541 1561 1635 1598 disci

1240 1690 1323 1727 Puli
1343 1690 1596 1740 increpabant

1238 1745 1323 1782 illos

1239 1798 1338 1836 lssIhs
1363 1805 1490 1836 autern
1511 1803 1734 1836 conuoca*s

1239 1852 1324 1890 illus
1345 1852 1437 1890 dixit
1458 1853 1567 1890 sinite
1587 1865 1662 1902 pue

1239 1919 1302 1944 ros
1322 1907 1452 1944 uenire
1473 1906 1521 1943 ad
1542 1919 1602 1943 me
1624 1913 1661 1944 et

1240 1960 1356 1998 nolite
1377 1972 1443 1998 eos
1464 1960 1625 2010 prohibe

1239 2027 1278 2051 re
1299 2014 1429 2051 talium
1450 2022 1505 2051 est
1526 2015 1629 2051 enim

1240 2080 1402 2115 regnum
1424 2066 1463 2104 di

1239 2121 1399 2159 ¹⁷Amen
1420 2121 1506 2159 dico
1527 2120 1637 2158 uobis
1657 2120 1721 2171 qui

1239 2187 1403 2225 cumque
1423 2188 1501 2213 non
1522 2175 1616 2212 adce

1239 2230 1335 2279 perit
1357 2242 1520 2278 regnum
1540 2228 1578 2265 c‘li
1599 2229 1629 2266 si

1241 2290 1304 2321 cut
1323 2295 1419 2332 puer
1440 2295 1520 2321 non
1540 2283 1636 2320 intra

1239 2337 1292 2374 bit
1312 2337 1351 2373 in
1371 2337 1476 2374 illum
1607 2334 1736 2388 [aule-

1239 2401 1360 2427 Lt'rlrz
1446 2390 1739 2439 ¹²³Interr0gauz't

1240 2457 1329 2481 eum
1351 2444 1507 2493 quidam
1527 2443 1659 2481 dicens

1240 2498 1418 2547 magister
1437 2499 1563 2535 bonae
1583 2497 1675 2546 quid

1240 2551 1417 2590 faciendo
1437 2552 1556 2588 uitam
1577 2563 1621 2589 ae

1240 2613 1387 2643 ternam
1407 2605 1599 2655 possideo·

1240 2659 1380 2696 1f'Dixit
1400 2666 1528 2697 autem
1548 2659 1604 2696 ihs
1625 2658 1716 2708 quid

1240 2726 1300 2751 me
1322 2713 1414 2751 dieis
1434 2714 1580 2750 bonum
1600 2725 1648 2749 ne

1239 2780 1306 2805 mo
1326 2769 1452 2805 bonus
1473 2767 1544 2803 nisi
1564 2767 1668 2804 solus

1239 2821 1298 2859 ds·
1426 2820 1642 2858 2⁰mandata

1240 2874 1339 2912 nosti
1412 2886 1490 2912 non
1512 2875 1594 2911 occi

1294 2928 1361 2967 des
1380 2940 1460 2966 non
1480 2926 1695 2965 adulteriu-

1824 328 2040 367 Conmittes
2059 336 2141 367 no-

1822 382 1962 419 furtum
1983 383 2100 421 facies

1822 447 1903 472 non
1922 435 2059 474 salsum
2081 444 2136 474 tes

1822 489 2023 526 timonium
2045 490 2082 527 di

1822 554 1886 579 ces
1905 542 2052 580 honora
2072 555 2123 592 pa

1820 601 1917 632 trem
1936 602 2043 634 tuum
2064 603 2103 634 et

1822 655 1986 686 matrem

1768 700 1853 738 2ῙΕῖ
1873 703 1923 739 ait
1942 703 1993 739 illi
2012 703 2142 740 omnia
2161 716 2230 742 cus

1769 755 1888 792 todiui
1908 754 2002 793 haec
2021 768 2044 793 a
2063 757 2178 794 iuuen

1768 815 1847 846 tute
1867 820 1954 846 mea

1768 862 1797 884 ²²
1805 862 1923 908 Quod
1942 862 2072 900 audito
2092 862 2149 900 ihs
2168 864 2219 900 ait

1769 916 1895 954 adhue
1915 928 2035 953 unum
2056 917 2163 954 deest

1768 970 1834 1007 tibi
1919 970 2049 1007 omnia
2068 982 2144 1019 que

1767 1035 1931 1073 cumque
1951 1023 2070 1061 habes
2089 1036 2166 1061 uen

1769 1077 1816 1114 de
1838 1085 1874 1115 et
1895 1077 1943 1114 da
1962 1078 2198 1126 pauperibus

1769 1138 1806 1168 et
1826 1131 1984 1169 habebis
2005 1131 2170 1169 thensau

1768 1197 1854 1222 rum
1875 1185 1913 1221 in
1934 1185 2039 1223 caelo
2059 1192 2096 1223 et
2115 1185 2205 1222 ueni

1768 1250 1927 1288 sequere
1947 1251 2010 1276 me

1768 1292 1875 1329 ²³His
1890 1292 1950 1329 ille
1966 1292 2101 1330 auditis
2117 1292 2264 1331 contris

1768 1352 1867 1384 tatus
1887 1353 1944 1383 est
1964 1347 2051 1397 quia
2070 1346 2178 1385 diues

1768 1407 1848 1437 erat
1866 1399 1976 1437 ualde

1767 1453 1950 1491 2⁴Uidens
1970 1459 2099 1491 autern
2119 1453 2226 1491 illum

1768 1507 1915 1544 tristem
1935 1507 2078 1544 factum
2099 1507 2137 1543 di

1767 1561 1823 1598 xit
1841 1560 1900 1598 ihs
1984 1572 2103 1610 quam
2123 1560 2181 1598 dif

1769 1689 1885 1727 Ficile
1906 1689 1970 1739 qui
1990 1689 2174 1738 pecunias

1769 1743 1914 1780 habent
1933 1744 1973 1780 in
1993 1756 2157 1792 regnum

1768 1797 1807 1834 di
1828 1797 2022 1835 intrabunt
2076 1796 2184 1835 ²⁵faci

1768 1851 1839 1889 lius
1859 1858 1916 1888 est
1937 1852 2039 1888 enirn
2059 1851 2183 1889 camel

1768 1905 1849 1942 lum
1869 1917 1938 1954 per
1959 1905 2131 1943 foramen

1769 1971 1860 1996 acus
1880 1959 2037 1996 transire
2056 1970 2173 2008 quam

1771 2013 1928 2050 diuitem
1949 2013 1988 2049 in
2008 2024 2130 2062 regno
2152 2012 2192 2049 di

1768 2066 1854 2103 ²⁶Et
1874 2066 2048 2103 dixerunt
2069 2067 2133 2116 qui
2149 2066 2263 2103 audie

1768 2121 1863 2158 bant
1882 2127 1919 2157 et
1939 2121 2024 2170 quis
2044 2127 2170 2169 potest
2191 2120 2245 2157 sal

1768 2186 1840 2211 uus
1861 2174 1940 2211 fieri

1768 2228 1852 2264 ²⁷Et
1867 2228 1917 2264 ait
1937 2227 2010 2265 illis
2029 2227 2087 2265 ihs
2104 2239 2202 2277 quae
2224 2226 2263 2264 in

1768 2281 1964 2331 possibilia
1985 2288 2073 2319 sunt
2092 2288 2184 2330 aput

1769 2335 1885 2372 deum

1768 2389 1868 2426 28Αἰῒ.
1888 2395 2015 2426 autem
2035 2394 2164 2437 petrus
2184 2401 2228 2427 ec

1768 2455 1812 2481 ce
1833 2455 1905 2480 nos
1927 2443 2063 2480 relictis
2084 2444 2199 2481 rebus

1768 2496 1909 2534 nostris
1930 2497 2048 2535 secuti
2069 2508 2114 2534 su

1769 2563 1855 2588 mus
1875 2557 1912 2587 te

1767 2604 2036 2653 ²⁹Quibusipse
2044 2603 2135 2641 dixit
2149 2610 2264 2641 ame-

1769 2658 1855 2696 dico
1873 2658 1984 2695 uobis
2004 2669 2120 2695 nemo
2139 2664 2197 2694 est

1769 2712 1834 2761 qui
1853 2711 2038 2760 relinquat
2058 2711 2206 2748 domu*
2264 2727 2266 2730 >

1768 2773 1832 2802 aut
1851 2772 2029 2814 parentes
2061 2770 2126 2800 aut

1767 2819 1900 2856 fratres
1920 2824 1983 2854 aut
2003 2822 2153 2854 uxore*

1769 2878 1834 2909 aut
1854 2871 1951 2908 filius
1971 2877 2126 2919 propter

1766 2936 1929 2975 regnum
1948 2924 1989 2962 di
2026 2924 2126 2976 ³⁰qui
2146 2931 2226 2964 no-
