2504 3382
149 215 198 261 36

146 300 229 330 Fol.
245 301 303 332 70.

147 343 238 380 Hoc
259 347 498 390 unguentum

147 408 227 433 non
248 395 364 432 ueniit
384 394 545 431 denariis

147 450 325 487 trecentis
345 455 382 485 et
402 447 531 484 datum

148 515 189 540 es
209 502 437 551 pauperibus

147 557 160 577 ⁶
174 556 278 593 Dixit
299 562 423 592 autem
445 553 516 590 hoc
538 565 618 589 non

149 609 253 658 quod
274 608 319 645 de
342 607 574 657 pauperibus

149 675 239 700 cura
259 662 308 698 illi
329 669 426 699 esset
447 660 513 697 sed
534 660 621 709 quia

146 717 204 753 fur
224 723 301 753 erat
339 722 374 753 et
394 714 541 752 loculus

147 770 313 807 habebat
351 776 386 806 et
406 781 480 817 que
501 768 569 804 mit

148 825 324 861 tebantur
342 823 568 871 exportabat

148 876 161 900 ⁷
176 877 281 914 Dixit
301 889 391 925 ergo
416 876 474 912 ihs
495 875 640 912 dimitte

148 931 250 968 illam
269 938 311 967 ut
331 931 368 966 in
390 929 490 966 diem
510 941 551 966 se

148 985 295 1034 pulture
315 995 423 1020 meae
447 995 505 1019 ser

148 1046 212 1075 uet
232 1037 322 1073 illud
342 1037 354 1057 ⁸
368 1047 555 1085 pauperes

149 1092 250 1129 enim
271 1102 404 1139 senper
423 1089 568 1126 habetis

150 1145 350 1182 uobiscum
370 1155 431 1179 me
448 1150 576 1179 autem

149 1210 228 1235 non
249 1210 385 1246 senper
404 1197 551 1233 habetis

149 1253 161 1272 ⁹
174 1252 224 1289 Et
243 1252 352 1287 turba
371 1250 489 1287 multa
510 1262 555 1287 ex
577 1249 614 1285 iu

150 1305 253 1342 daeis
274 1304 416 1341 audiuit
438 1304 526 1353 quia
546 1303 617 1340 illic

150 1367 206 1396 est
226 1365 262 1396 et
281 1364 465 1395 uenerunt
485 1369 564 1394 non

150 1419 303 1462 propter
323 1412 401 1448 ihm
422 1411 545 1448 solum

151 1466 219 1504 sed
240 1472 279 1502 ut
298 1466 463 1502 lazarum
484 1464 570 1501 uide

150 1526 205 1557 ret
226 1531 339 1568 quern
360 1518 553 1556 suscitauit

151 1586 174 1611 a
193 1573 354 1610 mortuis

152 1704 180 1724 ¹⁰
195 1703 470 1751 Cogitauerunt
490 1713 537 1738 au

151 1764 228 1794 tem
249 1757 440 1805 principes
460 1767 565 1792 sacer

152 1811 284 1848 dotum
304 1816 344 1846 ut
366 1816 401 1846 et
422 1809 577 1846 lazaru-

151 1864 376 1902 interficeret
395 1863 420 1882 ¹¹
434 1863 522 1912 quia
542 1861 620 1898 1nul

152 1919 180 1955 ti
200 1918 398 1955 iudeorum
418 1923 572 1966 propter

152 1971 258 2008 illum
279 1971 457 2008 abiebant
477 1977 514 2007 et
533 1982 595 2006 cre

154 2026 297 2063 debant
316 2025 354 2060 in
374 2024 452 2060 ihm
565 2021 647 2074 [sur

156 2078 331 2115 XXIH¹²A
339 2079 430 2114 [tera
450 2082 565 2114 aulem
592 2078 647 2113 die

153 2133 225 2170 bae
246 2132 386 2169 multae
407 2137 576 2168 uenera-

155 2186 204 2223 ad
225 2186 325 2223 diem
346 2186 485 2222 festum
505 2196 594 2222 cum

155 2239 348 2277 audissent
369 2239 458 2288 quia
478 2238 535 2275 ihs

155 2294 259 2330 uenit
279 2293 317 2329 in
339 2292 581 2330 iherosolima

156 2347 182 2368 ¹³
195 2354 423 2395 acceperunt
442 2346 555 2383 flores

155 2401 369 2450 palmarum
407 2406 443 2437 et
463 2400 546 2437 exie

157 2462 244 2492 runt
264 2455 420 2491 obuiam
440 2454 489 2490 illi
504 2460 541 2490 et

159 2508 347 2546 clamabat
368 2508 535 2545 dicentes

157 2573 303 2599 osanna
323 2561 543 2599 benedictus

161 2615 226 2665 qui
244 2616 347 2652 uenit
367 2617 405 2652 in
425 2615 581 2652 nornine

159 2669 198 2705 in
218 2669 363 2705 nomini
383 2669 446 2706 dfii
467 2681 532 2705 rex

161 2721 312 2759 istrahel

161 2775 187 2796 ²⁴
204 2775 252 2812 Et
265 2775 408 2811 inuenit
422 2774 478 2811 ihs
494 2774 650 2811 asellum

161 2836 198 2867 et
219 2829 313 2865 sedit
334 2840 445 2876 super
466 2840 554 2864 eum

217 2883 311 2919 sicut
331 2882 513 2930 scriptum
533 2887 589 2917 est

190 2936 302 2974 ¹⁵noli
314 2935 446 2973 timere
454 2934 529 2972 filia
542 2935 626 2971 sio*

379 209 422 246 E
426 209 494 247 UA
501 207 630 246 ΝΘΕ
627 207 695 245 LI
696 206 790 245 UM
819 206 852 244 S
851 206 893 242 E
895 206 927 244 C

727 338 829 374 Ecce
850 348 916 373 rex
937 342 1023 373 tuus

729 391 832 428 uenit
854 389 992 427 sedens
1016 401 1060 426 su

728 457 796 493 per
814 443 960 492 pullum
981 443 1085 480 asine

674 498 701 518 ¹⁶
717 497 826 534 Haec
847 509 926 534 non
947 507 1121 544 cognoue

673 559 760 588 runt
780 551 946 599 primum
966 551 1023 587 dis

674 605 788 654 cipuli
807 606 887 642 eius
926 604 993 641 sed
1013 615 1102 640 curn

673 658 894 696 clarificatus
914 665 969 694 est
989 657 1045 693 ihs

673 712 857 749 recordati
879 717 966 748 sunt
986 710 1075 759 quia

675 766 769 803 haec
789 775 895 802 erant
915 765 1054 813 scripta

675 819 722 856 de
742 819 805 856 illo
827 827 863 856 et
881 819 974 855 haec
994 818 1074 854 fece

676 880 763 909 runt
783 872 816 909 ei

676 926 702 946 ¹⁷
717 924 999 963 Testimonium
1020 934 1112 971 ergo

675 979 898 1028 perhibebat
918 978 1028 1014 turba

675 1045 772 1081 quae
794 1038 871 1069 erat
891 1043 979 1068 cum
1000 1042 1047 1067 eo

676 1087 764 1135 quia
784 1086 950 1122 lazarum
971 1096 1070 1121 uoca

675 1141 727 1177 uit
748 1139 794 1177 de
814 1150 1025 1176 monumen

676 1201 716 1231 to
737 1200 772 1230 et
793 1192 990 1230 suscitauit
1010 1203 1099 1228 eum

675 1259 698 1283 a
718 1247 874 1284 mortuis
893 1246 919 1266 ¹²³
932 1253 1132 1294 propterea

676 1301 830 1338 obuiam
850 1300 884 1337 ei
904 1299 1006 1337 uenit
1027 1299 1061 1335 ei

677 1355 786 1392 turba
807 1354 895 1404 quia
915 1353 1025 1390 audie

677 1417 764 1445 runt
784 1408 873 1457 quia
894 1407 965 1445 hoe
987 1406 1073 1444 fecit

677 1463 828 1510 signum

677 1516 703 1536 ¹⁹
718 1515 908 1552 Pharisaei
928 1521 1055 1551 autem
1076 1513 1114 1550 di

678 1576 814 1608 xerunt
834 1569 882 1606 ad
903 1568 1065 1616 semetip

681 1699 753 1737 Sos
776 1699 913 1736 uidetis
934 1698 1023 1747 quia
1042 1697 1081 1734 ni

679 1754 730 1790 hil
752 1753 913 1802 profecit
933 1763 1022 1788 ecce
1043 1762 1140 1787 unus

678 1807 845 1857 populus
866 1806 1034 1855 sequitur
1053 1810 1140 1854 post

678 1862 784 1898 illum
802 1886 806 1893 .

679 1915 706 1936 ²⁰
719 1915 769 1951 Et
791 1921 897 1951 erant
914 1913 1015 1962 greci
1029 1911 1174 1961 quida-

680 1981 727 2006 ex
748 1968 805 2005 his
826 1968 890 2017 qui
911 1966 1077 2004 ascende

681 2029 764 2059 rant
784 2023 821 2058 in
842 2022 902 2058 die
921 2021 1018 2058 festo
1038 2019 1112 2056 ado

681 2083 805 2113 rarent

681 2130 707 2152 2¹
722 2130 788 2167 Hii
809 2140 901 2177 ergo
929 2128 1173 2165 adcesserunt

682 2184 731 2220 ad
751 2183 964 2232 philippum
986 2182 1051 2230 qui
1072 2188 1152 2218 erat

683 2249 704 2274 a
725 2237 900 2274 bessaida
920 2235 1075 2284 galileae

682 2299 718 2328 et
738 2292 924 2339 rogabant
944 2289 1048 2326 illum

683 2344 851 2382 dicentes
872 2343 945 2380 dne
965 2342 1055 2379 uolu

682 2410 768 2435 rnus
788 2398 865 2434 ihm
886 2396 1013 2434 uidere

684 2453 710 2474 22
724 2451 839 2489 Uenit
855 2451 1019 2500 pilippus
1036 2458 1071 2486 et
1089 2449 1176 2486 dicit

684 2505 848 2542 andreae
869 2505 1029 2541 andreas

682 2566 812 2596 autem
833 2565 868 2595 et
889 2558 1054 2607 pilippus
1070 2557 1117 2594 ite

682 2625 766 2650 rum
789 2613 919 2650 dicunt
939 2612 987 2649 ad
1007 2611 1086 2648 ihm

684 2666 711 2687 ²⁵
725 2667 781 2703 ihs
802 2673 927 2703 autem
949 2665 1145 2714 respondit

686 2720 739 2758 eis
760 2720 891 2758 dicens
910 2720 1013 2756 uenit
1035 2720 1085 2756 ho

685 2787 725 2811 ra
744 2782 784 2810 ut
805 2774 1030 2811 clarificetur

686 2828 783 2864 filius
803 2827 970 2864 hominis

686 2881 843 2917 ²⁴Amen
864 2893 975 2917 amen
996 2880 1081 2917 dico
1102 2891 1153 2916 uo

688 2934 746 2972 bis
767 2935 837 2972 nisi
857 2946 1017 2984 granum
1038 2933 1112 2970 triti

1657 200 1993 239 JOHANNEM
2044 198 2130 252 [xn.
2153 215 2251 247 5-42.

1238 292 1318 321 Pol.
1337 292 1389 323 71.

1237 334 1283 371 Ci
1303 333 1444 371 cadens
1464 333 1503 368 in
1523 337 1648 369 terra*

1236 394 1428 425 mortuum
1447 386 1555 422 fuerit
1576 385 1653 421 mul

1235 448 1316 477 turn
1336 440 1497 476 fructum
1518 438 1602 475 adfe

1234 495 1261 516 ²⁵
1275 500 1329 531 ret

1235 547 1311 593 Qui
1332 552 1434 583 amat
1447 545 1616 582 animam
1632 551 1729 582 sua*

1234 601 1355 650 perdit
1374 611 1459 637 eam
1479 605 1517 636 et
1537 599 1602 647 qui
1622 598 1701 635 odit

1233 655 1401 692 animam
1422 665 1531 690 suam
1551 653 1589 688 in
1609 652 1682 689 hoc

1233 708 1379 744 mundo
1399 708 1438 743 in
1457 707 1574 743 uitam
1595 712 1673 742 eter

1234 774 1323 798 nam
1344 760 1508 798 custodit
1528 771 1614 797 eam

1234 815 1260 836 ²⁶
1276 815 1314 851 Si
1335 815 1418 863 quis
1432 813 1523 850 mihi
1540 813 1728 849 ministrat

1236 876 1415 916 sequatur
1435 879 1498 904 me
1535 874 1571 904 et
1591 867 1656 903 ubi

1279 931 1311 951 m

1236 971 1322 1001 sunt
1342 976 1415 1012 ego
1435 963 1508 1000 illic
1528 968 1566 1000 et
1585 962 1638 999 mi

1235 1019 1351 1055 nister
1370 1029 1478 1054 meus
1499 1017 1569 1054 erit

1239 1071 1276 1109 Si
1297 1072 1381 1121 quis
1401 1070 1493 1107 mihi
1513 1070 1684 1107 ministra

1236 1127 1333 1163 uerit
1352 1125 1615 1163 honorificauit

1237 1191 1324 1217 eum
1345 1186 1380 1216 et
1400 1186 1508 1228 pater
1527 1189 1636 1215 meus

1237 1234 1264 1254 ²⁷
1282 1232 1396 1270 Nunc
1418 1233 1545 1269 anima
1565 1244 1651 1269 mea
1671 1236 1730 1268 tur

1237 1288 1327 1324 bata
1346 1294 1402 1323 est
1421 1286 1531 1323 ualde
1553 1292 1589 1322 et
1609 1285 1647 1322 di

1238 1352 1323 1378 carn
1343 1347 1450 1389 pater
1469 1339 1584 1377 libera
1603 1351 1665 1375 me

1238 1407 1285 1431 ex
1306 1394 1376 1431 hae
1397 1394 1489 1430 hora
1508 1393 1574 1431 sed
1594 1393 1680 1430 ideo

1238 1448 1327 1484 ueni
1347 1448 1385 1484 in
1406 1447 1504 1484 hanc
1524 1447 1660 1483 horam

1239 1503 1265 1523 ²⁵³
1279 1510 1385 1550 pater
1405 1500 1567 1538 clarifica
1586 1512 1637 1537 no

1239 1567 1330 1592 men
1350 1562 1458 1591 tuum

1239 1608 1357 1646 Uenit
1376 1620 1467 1656 ergo
1487 1619 1563 1644 uox
1585 1606 1631 1643 de
1652 1618 1719 1643 cae

1241 1695 1298 1732 Lo
1318 1702 1354 1732 et
1375 1694 1573 1731 clarificaui
1589 1700 1626 1730 et

1240 1749 1374 1786 iterum
1394 1748 1610 1785 clarificabo

1240 1803 1267 1824 ²⁹
1281 1802 1414 1839 Turba
1434 1813 1527 1850 ergo
1549 1812 1645 1850 quae
1667 1807 1723 1837 sta

1240 1857 1305 1893 bat
1325 1856 1473 1893 dicebat
1494 1855 1592 1892 troni

1241 1918 1368 1947 truum
1387 1909 1529 1947 factum
1550 1916 1605 1945 est

1240 1964 1301 2001 alii
1321 1963 1497 2001 dicebant
1517 1974 1616 2011 ange

1240 2018 1299 2055 lus
1319 2018 1353 2054 ei
1372 2018 1522 2054 locutus
1542 2022 1598 2053 est

1242 2072 1268 2093 ³⁰
1283 2071 1498 2120 Respondit
1513 2070 1570 2107 ihs
1584 2076 1620 2107 et
1641 2068 1734 2106 dixit

1349 2134 1364 2154 1·

1241 2180 1320 2205 non
1339 2174 1515 2217 poterant
1535 2179 1598 2204 me

1242 2222 1335 2259 haec
1356 2234 1433 2259 uox
1453 2221 1557 2258 uenit
1579 2219 1646 2258 sed

1242 2283 1394 2325 propter
1414 2287 1486 2312 uos

1241 2331 1269 2350 ³¹
1284 2330 1397 2366 Nunc
1417 2329 1597 2366 iudicium
1619 2334 1674 2365 est

1243 2383 1376 2420 mundi
1396 2390 1452 2420 est
1490 2394 1592 2418 nunc

1243 2438 1420 2486 princeps
1440 2436 1571 2472 mundi
1590 2435 1627 2472 di

1244 2491 1412 2528 mittetur
1432 2490 1612 2527 deorsum

1244 2545 1271 2566 ³²
1283 2551 1320 2582 et
1340 2556 1412 2592 ego
1434 2556 1520 2580 cum
1542 2542 1666 2580 exalta

1244 2606 1304 2636 tus
1324 2598 1429 2635 fuero
1451 2610 1472 2634 a
1491 2604 1622 2634 terram

1245 2653 1375 2690 omnia
1396 2651 1544 2688 traham
1563 2650 1612 2687 ad

1245 2719 1306 2742 me
1326 2706 1450 2755 ipsum

1244 2760 1272 2780 ³³
1288 2759 1378 2796 Hoc
1397 2767 1526 2796 autem
1547 2757 1696 2796 dicebat

1246 2813 1438 2862 significas
1458 2813 1547 2861 quia
1567 2825 1652 2850 mor

1245 2875 1282 2905 te
1302 2874 1402 2904 esset
1423 2867 1627 2904 moriturus

1246 2921 1272 2941 ³⁴
1287 2920 1501 2969 Respondit
1521 2921 1555 2956 ei
1576 2919 1685 2957 turba

1245 2986 1317 3011 nos
1337 2973 1552 3012 audiuimus
1571 2985 1617 3009 ex

1764 331 1868 381 Lege
1907 331 1995 381 quia
2016 334 2088 379 xps
2108 336 2237 367 manet

1763 385 1802 421 in
1822 392 2018 423 aeternum
2055 390 2092 421 et
2111 396 2189 433 quo

1763 439 1880 476 modo
1900 446 1939 475 tu
1960 438 2053 475 dicis
2074 438 2163 487 quia

1763 499 1914 540 oportet
1934 498 1968 528 te
1989 491 2143 528 exaltari

1763 545 1882 582 filium
1902 545 2067 582 hominis
2088 544 2173 594 quis

1762 605 1818 635 est
1839 598 1900 636 hic
1923 598 2021 635 filius
2042 598 2148 636 homi

1762 652 1821 689 nis

1761 705 1790 725 ⁸⁵
1804 704 1909 741 Dixit
1929 717 2021 753 ergo
2041 705 2094 742 eis
2115 704 2172 741 ihs
2191 704 2241 741 ad

1763 757 1837 795 huc
1856 759 2055 795 modicum
2071 764 2150 794 tem

1763 824 1835 861 pus
1854 811 1919 848 lux
1939 818 1996 849 est
2015 811 2053 847 in
2072 811 2183 848 uobis

1765 865 1957 904 ambulate
1978 865 2071 901 dum
2091 864 2206 901 luce*

1764 919 1911 956 habetis
1932 926 1972 955 ut
1991 931 2070 956 non
2091 925 2177 954 tene

1764 975 1855 1010 brae
1878 985 1946 1010 uos
1968 971 2188 1021 conprehe‘

1764 1027 1856 1064 dant
1894 1035 1930 1064 et
1951 1027 2015 1076 qui
2036 1026 2152 1062 ambu

1763 1082 1815 1118 lat
1836 1081 1874 1117 in
1895 1080 2059 1117 tenebris
2080 1091 2147 1115 nes

1764 1135 1814 1173 cit
1836 1147 1913 1183 quo
1933 1134 2047 1170 uadat
2104 1132 2228 1169 ³⁶dum

1765 1189 1893 1226 lucem
1914 1187 2060 1224 habetis
2080 1199 2141 1223 cre

1766 1243 1841 1280 dite
1862 1243 1900 1278 in
1919 1241 2044 1278 lucem
2063 1246 2104 1277 ut
2123 1239 2174 1276 fili

1766 1297 1859 1333 lucis
1880 1295 1957 1332 sitis

1768 1349 1878 1386 Haec
1897 1349 2044 1386 locutus
2064 1355 2120 1385 est
2140 1347 2197 1384 ihs

1767 1412 1804 1441 et
1824 1403 1942 1440 habiit
1962 1410 1999 1439 et
2019 1402 2163 1438 abscon

1769 1457 1822 1495 dit
1843 1469 1883 1493 se
1903 1457 1952 1493 ab
1972 1456 2026 1492 eis
2139 1451 2259 1505 [lanta

1771 1520 1899 1546 XXIIII
1909 1510 1936 1530 ³⁷
1956 1509 2050 1546 Cum
2071 1513 2188 1545 autem

1767 1564 1875 1612 signa
1895 1563 2045 1600 fecisset
2065 1567 2183 1600 cora-

1767 1692 1835 1729 Eis
1855 1704 1934 1730 non
1955 1691 2160 1729 credebant

1768 1747 1803 1784 ei
1823 1746 1849 1766 ³³
1863 1754 1902 1783 ut
1923 1757 2048 1783 sermo
2069 1746 2192 1783 eseiae

1768 1800 1937 1849 profetae
1957 1799 2160 1849 inpleretur

1767 1866 1883 1903 quem
1905 1854 1994 1891 dixit

1823 1908 1910 1945 dfiie
1931 1907 2016 1956 quis
2037 1905 2203 1944 crededit

1823 1961 1966 1998 auditui
1987 1968 2118 1997 nostro
2134 1969 2170 1997 et

1821 2015 2041 2052 bracchium
2057 2014 2135 2051 dfiii

1824 2070 1883 2106 cui
1903 2068 2111 2106 reuelatum
2128 2074 2183 2104 est

1769 2123 2264 2171 ³⁹Pr0pterean0npotera-

1770 2177 1924 2214 eredere
1946 2177 2035 2225 quia
2055 2176 2148 2212 dixit

1769 2231 1905 2267 iterum
1929 2231 2050 2267 eseias

1824 2285 1852 2304 ⁴⁰
1865 2284 2061 2321 excecauit
2081 2282 2212 2320 oculus

1825 2349 1959 2374 eorum
1979 2344 2014 2374 et
2033 2337 2170 2374 indura

1826 2392 1879 2428 uit
1899 2403 1965 2428 cor
1986 2403 2117 2428 eorum
2137 2397 2178 2427 ut

1827 2457 1906 2482 non
1925 2445 2080 2482 uideant
2101 2456 2175 2482 ocu

1826 2499 1870 2536 lis
1890 2506 1926 2536 et
1948 2499 2065 2536 corde
2085 2497 2176 2534 intel

1828 2553 1957 2601 legant
1978 2560 2014 2590 et
2034 2563 2181 2589 conuer

1829 2614 1955 2644 tantur
1974 2614 2011 2643 et
2031 2617 2163 2643 sanem

1828 2661 1913 2697 illos

1774 2714 1800 2734 ⁴¹
1811 2714 1919 2751 Haec
1934 2712 2151 2750 dixiteseias
2160 2724 2263 2761 quan

1774 2767 1825 2805 do
1845 2767 1937 2804 uidit
1958 2765 2196 2802 maiestatem

1775 2822 1855 2858 eius
1894 2827 1930 2857 et
1949 2820 2095 2856 locutus
2114 2826 2171 2856 est

1775 2875 1821 2912 de
1842 2886 1889 2911 eo
1944 2874 1971 2894 ‘³²
1985 2873 2134 2910 interim
2154 2880 2192 2910 ta

1774 2940 1863 2965 men
1883 2940 1929 2965 ex
1950 2927 2183 2977 principibus

2160 3027 2212 3052 XII
