2504 3382
246 197 323 224 xiv.
343 188 475 232 67-xv.
497 179 568 234 36.]
624 178 668 217 E
671 177 797 218 UAN
797 176 943 216 GELI
943 176 1037 215 UM

249 271 332 301 Pol.
348 272 426 302 187.

252 314 317 351 Set
336 319 488 362 petrum
507 310 626 350 calefa

250 368 415 405 cientem
435 378 474 403 se
497 364 688 414 aspicie-s

251 421 301 458 ait
320 421 370 457 illi
389 427 426 458 et
445 426 486 456 tu
506 430 596 456 cum
615 418 680 454 ihu

253 486 418 512 nazoreo
437 485 522 510 eras

252 527 352 565 68Α(1
370 527 430 564 ille
451 525 606 575 negauit
619 525 749 563 dicens

253 593 380 631 neque
401 581 480 618 scio
500 591 623 629 neque

254 635 348 673 noui
368 635 458 684 quid
478 634 580 671 dicas

254 689 305 727 Et
325 689 412 726 exiit
431 688 532 725 foras
552 693 588 724 et
608 685 671 735 gal

257 744 317 781 lus
338 742 504 780 cantauit

257 796 436 833 ⁶⁹1terum
456 802 583 832 autern
605 805 693 832 cum

257 851 421 888 audisset
439 850 544 886 illum
564 861 614 886 an

258 904 344 943 cilla
364 904 489 952 coepit
508 903 631 940 dicere

259 958 496 996 adstantibus
516 956 605 1005 quia
624 961 661 991 et

259 1012 320 1049 hic
341 1024 388 1048 ex
409 1011 477 1048 illis
497 1018 552 1047 est

259 1066 359 1103 '‘⁰Ad
376 1065 435 1101 ille
454 1065 589 1101 iterum
609 1073 710 1110 nega

262 1120 316 1156 uit
425 1125 461 1154 et
481 1124 568 1166 post
588 1128 660 1165 pus

261 1173 367 1210 illum
386 1173 519 1208 iterum
539 1171 605 1219 qui

263 1226 465 1263 adstabant
484 1225 658 1261 dixerunt

262 1287 372 1330 petro
391 1290 480 1315 uere
500 1290 546 1314 ex
566 1277 636 1313 illis

263 1346 304 1371 es
395 1344 487 1370 nam
505 1330 662 1380 galileus

263 1392 320 1425 est

264 1439 364 1478 71Ille
385 1446 514 1477 autem
534 1437 659 1487 coepit
679 1435 725 1474 de

265 1501 399 1532 uotare
418 1501 455 1530 et
475 1494 597 1529 iurare

266 1548 355 1598 quia
376 1559 457 1584 non
477 1546 568 1584 noui
587 1544 692 1582 homi

267 1635 371 1673 Nem
390 1634 503 1671 istum
525 1639 629 1682 que-

267 1689 388 1727 dicitis

267 1743 352 1780 ⁷2Et
373 1741 553 1780 continuo
571 1740 695 1776 iteru-

268 1797 392 1845 gallus
411 1794 576 1833 cantauit
594 1800 684 1830 tunc

269 1856 544 1888 rememoratus
564 1859 612 1896 pe

269 1911 350 1942 trus
370 1904 531 1939 uerbum
551 1900 659 1949 quod

270 1958 364 1995 dixit
383 1956 433 1993 illi
452 1956 509 1992 ihs
529 1955 632 2004 prius
657 1959 761 2003 qua*

270 2011 394 2061 gallus
415 2015 539 2047 cantet
558 2015 613 2045 ter

271 2077 334 2102 me
354 2064 510 2112 negabis
530 2069 566 2099 et
586 2073 657 2100 coe

271 2119 325 2168 pit
345 2118 436 2155 flere

272 2172 326 2210 15¹
347 2172 395 2209 Et
415 2169 614 2209 confestim
634 2179 746 2205 mane

271 2226 474 2264 consilium
493 2223 648 2261 feceru-

273 2279 413 2317 summi
433 2277 592 2315 sacerdo

271 2334 320 2371 tis
339 2345 427 2371 cum
448 2331 656 2369 senioribus

274 2394 312 2424 et
331 2386 461 2424 scribis
481 2392 518 2423 et
538 2385 671 2421 uniuer

275 2453 319 2478 so
340 2439 501 2478 concilio
521 2446 557 2476 et
577 2438 664 2474 uinc

275 2502 357 2532 tum
376 2494 455 2530 ihm
475 2493 655 2530 duxeru-

275 2549 314 2586 in
335 2548 471 2585 atrium
491 2553 526 2583 et
545 2545 640 2583 tradi

277 2603 413 2639 derunt
433 2600 549 2649 pilato

276 2656 347 2693 ²Et
365 2653 612 2703 interrogauit
629 2658 710 2689 eu-

276 2709 413 2760 pilatus
434 2714 474 2745 tu
493 2719 534 2744 es
553 2719 619 2744 rex
639 2707 677 2743 iu

277 2763 439 2801 deorum

278 2816 342 2854 Ad
362 2816 420 2853 ille
440 2814 675 2864 respondens

280 2871 329 2907 ait
350 2877 390 2908 tu
411 2869 504 2907 dicis
523 2869 577 2906 3et
598 2879 692 2906 accu

781 308 924 346 Sabant
943 319 1032 344 eum
1053 317 1140 344 sum

780 363 832 399 mi
852 361 1056 399 sacerdotis
1076 359 1198 396 multa

780 416 943 453 4Pilatus
963 421 1090 452 autem
1108 413 1204 449 inter

780 470 930 519 rogauit
949 480 1039 505 eum
1057 468 1193 504 iterum

782 523 913 561 dicens
933 534 1012 559 non
1031 532 1172 570 respon

783 577 850 614 des
869 576 1075 626 quicquam
1095 574 1185 610 uide

784 637 928 680 quanta
947 636 984 666 te
1004 633 1186 666 accusant

783 684 869 722 fllhs
890 690 1017 720 autem
1033 681 1124 718 nihil
1138 686 1278 730 respo-

785 739 838 776 dit
857 738 907 775 ita
927 744 967 774 ut
985 737 1181 772 miraretur

784 792 921 841 pilatus

785 845 876 882 6Ρ6τ
895 845 995 882 diem
1015 849 1142 880 autem
1162 841 1268 880 sole-

786 911 876 937 nem
896 898 1040 936 solebat
1059 897 1113 934 eis
1134 896 1241 933 dimit

786 959 863 991 tere
882 964 1004 989 unum
1024 951 1197 987 uinctum

788 1017 1070 1056 quemcumque
1090 1004 1185 1053 petis

788 1067 873 1097 sent

789 1114 900 1150 ''Erat
922 1119 1050 1149 autem
1070 1111 1135 1159 qui
1156 1110 1229 1148 dici

789 1168 901 1205 batur
920 1166 1079 1203 barabas
1100 1176 1188 1201 cum

791 1220 978 1258 seditiosis
999 1219 1127 1256 clusus
1148 1218 1213 1266 qui

790 1275 830 1311 in
851 1273 1031 1311 seditione
1053 1272 1188 1309 fecerat

792 1326 1040 1365 homicidium

793 1382 863 1419 ⁸Et
883 1393 972 1419 cum
992 1378 1224 1417 ascendisset

793 1436 902 1474 turba
922 1435 1081 1483 rogabat
1101 1433 1196 1470 sicut

794 1500 931 1538 senper
949 1487 1110 1525 faciebat
1129 1486 1182 1523 eis

794 1543 955 1581 ⁹Pilatus
974 1548 1103 1579 autem
1122 1544 1262 1589 respo-

796 1629 904 1667 Dens
925 1628 994 1665 illis
1016 1627 1108 1665 dixit
1127 1626 1240 1663 uultis

797 1683 986 1720 dimittam
1006 1682 1117 1719 uobis
1135 1686 1251 1729 rege-

797 1737 1022 1774 iudaeorum

797 1791 824 1811 ¹⁰
834 1790 983 1828 Sciebat
996 1788 1098 1826 enim
1107 1787 1212 1837 quod
1227 1799 1294 1836 per

798 1844 982 1882 inuidiam
1002 1842 1215 1880 tradidera-

798 1910 887 1935 eum
907 1896 1087 1946 principis
1107 1907 1213 1933 sacer

800 1953 934 1990 dotum

798 2006 825 2027 ¹¹
834 2004 1016 2053 Principis
1036 2010 1166 2040 autem
1191 2014 1296 2039 sacer

799 2059 935 2097 dotum
954 2064 1217 2108 persuaserunt

800 2114 932 2151 turbae
952 2118 993 2149 ut
1012 2111 1135 2159 magis
1154 2111 1205 2147 ba

800 2168 920 2204 raban
940 2166 1104 2203 dicerent

801 2220 976 2258 ¹²Pilatus
996 2225 1123 2256 autem
1142 2223 1284 2268 respo-

802 2274 897 2312 dens
917 2274 967 2311 ait
986 2272 1077 2322 quid
1096 2284 1188 2320 ergo

802 2328 917 2365 uultis
936 2326 1074 2364 faciam
1093 2326 1172 2375 regi

802 2381 1001 2419 iudeorum

802 2435 899 2472 13Αά
918 2435 969 2472 illi
988 2433 1298 2471 exclamauerunt

804 2489 970 2526 dicentes
989 2489 1092 2526 cruci
1111 2487 1186 2525 adfi

805 2555 852 2591 ge
872 2554 962 2579 eum

804 2597 984 2634 ¹⁴Pilatus
1003 2607 1094 2644 ergo
1114 2595 1264 2632 dicebat

804 2651 860 2688 eis
880 2650 971 2700 quid
990 2650 1091 2686 enim
1111 2649 1209 2686 male

804 2704 892 2742 fecit

807 2758 870 2795 Ad
889 2757 941 2794 illi
960 2756 1176 2795 clamabant
1195 2767 1261 2793 cru

806 2813 840 2850 ci
860 2812 933 2861 fige
953 2822 1043 2849 eum

808 2866 985 2903 ¹⁵Pilatus
1006 2872 1131 2903 autern
1152 2863 1290 2901 dimisit

1646 169 1755 208 SEC
1783 167 2050 207 MARCUM

1340 260 1419 290 1¹01.
1436 260 1517 289 188.

1341 303 1414 339 illis
1433 301 1615 339 barabam
1634 305 1670 337 et
1689 307 1746 338 tra

1343 356 1434 393 didit
1453 355 1532 392 ihm
1552 354 1709 403 flagellis
1729 365 1772 393 ce

1343 421 1429 447 sum
1450 416 1490 446 ut
1510 409 1609 445 cruci
1630 408 1743 456 figere

1343 471 1402 500 tur
1528 461 1690 498 ¹6militis
1709 472 1757 498 au

1343 523 1421 554 tem
1440 515 1629 552 duxerunt
1647 526 1736 551 eum

1344 571 1383 607 in
1403 569 1539 607 atrium
1558 568 1709 617 pretorii

1345 630 1381 661 et
1402 622 1624 660 conuocatis
1645 628 1764 659 totam

1346 677 1541 715 cohortem
1561 676 1629 712 ¹⁷et
1649 675 1765 712 uestie

1346 738 1432 769 runt
1451 742 1540 767 eum
1560 735 1753 778 purpura·-

1347 792 1383 822 et
1403 785 1653 833 inposuerunt
1672 783 1706 819 ei
1726 781 1786 820 fac

1347 846 1426 876 tam
1446 838 1619 886 spineam
1639 848 1728 874 coro

1349 905 1439 930 nam
1458 892 1527 928 ¹⁸et
1548 891 1764 928 salutabant

1349 959 1438 983 eum
1457 945 1554 982 habe
1574 957 1638 981 rex
1659 944 1774 981 iudeo

1349 1012 1433 1037 rum
1452 999 1523 1036 ¹⁹et
1543 998 1789 1047 percutieba‘

1350 1055 1457 1091 illum
1477 1053 1524 1090 de
1545 1052 1729 1090 arundine

1352 1109 1391 1145 in
1411 1113 1527 1156 caput
1546 1112 1582 1143 et
1601 1117 1772 1154 conspue

1353 1163 1445 1198 bant
1465 1161 1498 1197 ei
1518 1167 1554 1197 et
1574 1161 1769 1208 ponebant

1355 1226 1480 1264 genua
1500 1214 1710 1251 adorabant

1354 1281 1443 1305 eum

1354 1323 1438 1359 2‘’Et
1457 1328 1665 1371 postquam
1686 1319 1814 1357 deluse

1355 1383 1440 1413 runt
1461 1387 1550 1412 eum
1569 1379 1737 1411 exueru-

1355 1442 1446 1467 eum
1466 1441 1672 1478 purpuram
1691 1434 1727 1464 et

1356 1484 1558 1521 induerunt
1576 1483 1682 1520 illurn
1703 1493 1771 1518 ues

1357 1538 1513 1575 timenta
1533 1549 1602 1575 sua
1621 1543 1656 1573 et
1676 1535 1777 1573 duxe

1360 1624 1466 1662 Runt
1486 1635 1576 1660 eum
1596 1629 1637 1660 ut
1656 1622 1759 1660 cruci

1360 1679 1517 1727 figerent

1359 1732 1385 1753 ²¹
1397 1733 1444 1769 Et
1462 1731 1751 1780 angariauerunt
1772 1741 1815 1779 sy

1361 1798 1516 1824 monem
1536 1796 1730 1833 cyrineum

1361 1845 1619 1877 transeuntem
1638 1837 1726 1874 ueni

1361 1900 1488 1930 entem
1508 1893 1554 1929 de
1573 1892 1703 1928 uillam
1722 1903 1772 1940 pa

1303 1976 1305 1979 ψ
1363 1954 1458 1985 trem
1478 1946 1671 1983 alexandri
1691 1952 1732 1982 ut

1362 2001 1506 2039 tolleret
1526 2011 1677 2037 crucem
1696 1999 1777 2035 eius

1362 2055 1446 2092 ²²Et
1465 2054 1661 2091 adducunt
1679 2064 1768 2089 eum
1788 2051 1827 2088 in

1363 2107 1546 2158 golgotha
1565 2119 1655 2145 cum
1675 2105 1778 2155 quod

1363 2170 1419 2200 est
1438 2163 1720 2210 interpetratum

1365 2216 1552 2254 caluariae
1571 2215 1681 2252 locus
1700 2214 1771 2251 ²³et

1366 2270 1549 2308 dederunt
1568 2269 1602 2306 ei
1620 2269 1747 2305 bibere

1366 2330 1575 2361 murratum
1595 2323 1729 2359 uinum

1366 2384 1403 2415 et
1423 2390 1502 2415 non
1522 2376 1670 2425 adcepit

1366 2432 1449 2468 ²4Et
1469 2431 1570 2469 cruci
1590 2430 1752 2467 fixerunt
1772 2434 1848 2466 eu*

1367 2492 1403 2523 et
1423 2485 1630 2522 diuiserunt
1649 2495 1717 2521 ues

1365 2540 1522 2577 timenta
1539 2538 1620 2575 eius
1640 2538 1774 2575 mitte*

1368 2601 1423 2631 tes
1445 2600 1585 2630 sortem

1368 2647 1493 2684 ²⁵Erat
1513 2652 1641 2682 autem
1661 2643 1754 2682 hora
1773 2643 1846 2681 diei

1369 2700 1474 2738 tertia
1493 2705 1530 2736 et
1549 2698 1718 2736 custodie

1370 2755 1461 2791 bant
1481 2764 1569 2790 eum

1370 2808 1456 2845 2‘³Et
1475 2814 1554 2844 erat
1573 2804 1836 2854 superscribtio

1371 2861 1536 2900 criminis
1557 2860 1695 2899 scribta
1715 2871 1779 2896 rex

2309 177 2358 216 95

1870 297 2080 335 Iudeorum

1872 352 1899 373 ²⁷
1908 352 1954 388 Et
1974 363 2064 389 cum
2082 362 2130 388 eo
2149 351 2251 388 cruci
2270 350 2344 388 fixe

1872 412 1960 442 runt
1979 405 2057 442 duo
2077 405 2242 441 latrones

1873 470 1996 495 unum
2016 459 2065 495 ad
2085 458 2258 495 dextram

1873 519 1909 549 et
1928 512 2043 549 alium
2062 511 2112 549 ad
2131 512 2307 549 sinistra.-

1874 566 1945 602 zset
1965 566 2156 614 adinpleta
2175 572 2232 603 est
2252 565 2350 615 scrip

1874 625 1958 656 tura
2013 631 2111 668 quae
2133 619 2220 657 dicit

1930 681 1967 710 et
1986 685 2075 710 cum
2094 673 2232 721 iniquis

1931 726 2132 776 deputatus
2151 733 2206 764 est

1876 780 1960 818 ²⁹Et
1981 786 2234 829 pretereuntes
2254 778 2337 816 blas

1877 834 2115 883 phemabant
2134 845 2223 869 eum
2242 844 2309 870 mo

1879 895 2013 925 uentes
2033 887 2155 936 capita
2176 899 2245 924 sua
2263 893 2301 923 et

1881 942 2060 980 dicentes·
2082 953 2143 978 ua·
2165 940 2230 989 qui
2250 940 2318 978 des

1880 1002 1980 1033 trues
1999 995 2184 1044 templum
2203 1001 2239 1031 et

1881 1049 2100 1087 reaedificas
2121 1048 2212 1085 illud
2231 1048 2269 1084 in

1881 1104 1998 1141 tribus
2018 1102 2151 1139 diebus
2170 1101 2355 1138 ³0saluum

1882 1164 1918 1194 te
1939 1157 1999 1194 fac
2020 1164 2056 1193 et
2077 1155 2265 1193 descende
2286 1155 2332 1191 de

1885 1223 1995 1249 cruce
2014 1210 2041 1230 ³¹
2049 1216 2085 1247 et
2104 1209 2283 1258 principis
2304 1220 2346 1246 sa

1885 1263 2084 1302 cerdotum
2103 1263 2250 1300 inrideri

1885 1325 1941 1356 tes
1961 1317 2009 1354 ad
2030 1318 2249 1354 alterutrum

1886 1384 1976 1410 cum
1996 1371 2125 1409 scribis
2146 1370 2308 1407 diceba-

1887 1426 1981 1464 alios
2002 1425 2130 1462 saluus
2151 1424 2237 1461 fecit
2256 1435 2296 1460 se

1886 1480 2013 1529 ipsum
2034 1479 2183 1516 saluum
2202 1477 2283 1514 face

1887 1545 1926 1571 re
1946 1545 2026 1571 non
2050 1539 2174 1582 potest
2192 1531 2298 1580 ³²xps
2317 1542 2382 1567 rex

1889 1620 2041 1658 istrahel
2061 1619 2269 1657 descendat

1890 1686 1992 1712 nunc
2011 1674 2058 1710 de
2079 1685 2187 1711 cruce
2207 1678 2249 1709 ut
2268 1672 2307 1708 ui

1890 1729 2049 1766 deamus
2069 1734 2106 1765 et
2126 1726 2327 1764 credamus

1890 1783 1924 1819 ei
2050 1789 2086 1818 et
2106 1781 2170 1829 qui
2189 1779 2300 1818 simul

1889 1835 1953 1873 fixi
1973 1842 2077 1872 erant
2098 1847 2188 1872 cum
2207 1846 2253 1872 eo
2273 1838 2348 1871 co-

1891 1890 2131 1927 uiciabantur

1890 1943 1918 1964 ⁸⁸
1926 1942 1975 1980 Et
1994 1942 2091 1980 facta
2112 1942 2205 1979 hora
2224 1946 2331 1978 sexta
2351 1946 2386 1977 te

1891 1998 2029 2035 nebrae
2051 1996 2147 2034 facte
2167 2001 2255 2032 sunt
2275 2005 2321 2031 su

1892 2063 1960 2101 per
1978 2056 2097 2087 totam
2117 2056 2254 2086 terram
2273 2059 2318 2085 us

1893 2117 1968 2154 que
1988 2104 2026 2141 in
2046 2115 2154 2141 oram
2174 2113 2319 2139 nonam

1892 2159 1921 2179 ³⁴
1928 2158 1977 2195 Et
1993 2169 2096 2195 nona
2111 2157 2205 2194 hora
2217 2155 2389 2194 exclama

1893 2213 1946 2250 uit
1966 2212 2022 2249 ihs
2042 2223 2137 2249 uoce
2156 2221 2298 2259 magna

1893 2266 1968 2304 heli
1987 2266 2061 2303 heli
2081 2263 2321 2313 lazapmatha

1894 2320 1933 2358 ni
1954 2319 2058 2369 quod
2078 2325 2134 2356 est
2154 2318 2357 2366 interpetra

1895 2381 1977 2412 tum
1996 2373 2043 2410 ds
2062 2383 2171 2409 meus
2191 2371 2236 2408 ds
2256 2381 2365 2407 meus

1895 2440 2013 2477 quare
2033 2439 2095 2463 me
2115 2424 2315 2473 dereliquis

1895 2483 1922 2519 ti
2012 2481 2084 2517 35et
2105 2479 2262 2529 quidam
2282 2477 2330 2514 de

1895 2533 2228 2574 circumstantibus
2247 2543 2297 2569 au

1896 2589 2042 2626 dientes
2062 2587 2239 2624 dicebant
2258 2585 2306 2621 he

1896 2643 1986 2680 liam
2005 2647 2120 2678 uocat
2139 2641 2208 2677 iste

1895 2696 1980 2734 ⁸⁶Et
2000 2695 2202 2733 adcurrens
2222 2703 2322 2729 unus
2340 2692 2379 2728 in

1897 2750 2015 2800 pleuit
2034 2748 2240 2798 spongiam
2260 2758 2327 2784 ace

2027 2811 2101 2833 cum

1898 2854 1938 2885 to
1957 2854 1993 2884 et
2013 2844 2190 2895 cirposuit
2211 2855 2305 2881 arun

1899 2901 1978 2939 dini
1997 2906 2033 2938 et
2052 2901 2169 2938 dabat
2186 2898 2220 2937 ei
2239 2902 2375 2947 potum
