2504 3382
294 195 356 221 xx.
379 192 522 228 17-XX1.
544 180 594 234 8.]
650 182 1062 224 EUANGELJUM
1082 186 1193 226 SEC

294 269 377 299 1¹01.
393 270 474 299 139.

293 312 398 348 Tum
419 317 476 349 est

347 365 511 413 lapidem
531 377 648 415 quem

345 419 645 467 reprobaberunt

345 472 590 511 aedificantes
611 474 672 512 hic

343 525 467 564 sactus
488 533 544 564 est
563 528 601 563 in
622 540 667 566 ca

343 586 412 629 put
431 581 560 629 anguli
579 581 739 621 momnis

288 634 354 681 qui
375 634 553 672 ceciderit
572 647 686 685 supra

287 687 392 724 illum
413 687 578 736 lapidem
599 701 675 727 con

286 742 528 790 quassauitur
548 754 662 791 supra

285 805 402 843 quem
421 796 600 833 ceciderit
619 808 667 834 au

285 854 363 885 tem
383 849 604 887 conminuet
622 850 716 888 illu-

285 901 367 939 1‘³Et
387 904 598 951 querebant
618 905 702 953 prin

283 955 378 1004 cipis
398 957 640 995 sacerdotum

282 1015 320 1046 et
340 1010 483 1047 scribae
503 1011 649 1048 mittere

281 1062 322 1099 in
340 1062 448 1099 illum
468 1075 603 1101 manus
623 1065 662 1113 ip

281 1127 323 1153 sa
342 1115 436 1152 hora
508 1124 546 1154 et
565 1118 682 1155 timue

280 1176 368 1206 runt
388 1170 574 1218 populum
596 1183 670 1220 cog

279 1230 470 1260 nouerunt
490 1225 591 1260 enim
613 1225 717 1273 quod

278 1275 328 1313 ad
348 1277 452 1325 ipsos
473 1277 566 1315 dixit
586 1278 699 1316 simili

276 1329 449 1367 tudinem
469 1331 580 1368 istam

275 1392 369 1420 LXUI
378 1382 406 1404 ²⁰
412 1384 457 1421 E
454 1389 471 1421 ί
474 1398 554 1422 cum
568 1387 774 1424 recessitse-

277 1438 547 1476 summiserunt
566 1441 632 1488 qui

276 1502 318 1527 se
337 1491 457 1529 iustos
477 1505 559 1530 esse
580 1495 678 1530 simu

275 1543 396 1582 larent
451 1553 490 1584 ut
510 1547 707 1596 adprehe-

273 1630 418 1670 Derent
438 1645 633 1672 sermones

272 1685 355 1723 eius

271 1738 323 1776 Et
342 1739 533 1778 traderent
554 1741 659 1779 illum

272 1795 449 1841 potestati
469 1801 504 1831 et
524 1796 649 1844 magis

270 1847 382 1884 tratui
401 1849 560 1897 presidis

269 1899 354 1938 21Εῑ
374 1902 690 1951 interrogaueru'*

269 1953 374 1991 illum
394 1955 563 1993 dicentes
583 1969 647 1995 ma

268 2008 383 2056 gister
403 2010 542 2047 scimus
563 2011 668 2060 quod

267 2069 367 2100 recte
388 2063 484 2101 dicis
505 2071 541 2101 et
561 2076 642 2102 non

267 2115 412 2165 adcipis
431 2130 638 2166 personam

267 2169 334 2206 sed
355 2171 393 2207 in
413 2172 569 2209 ueritate
589 2173 683 2210 uia*

264 2223 305 2260 di
326 2223 469 2262 docens
490 2225 609 2263 ²²licet
629 2239 681 2265 no

265 2277 324 2314 bis
343 2277 431 2316 dare
451 2279 631 2317 tributum

263 2333 409 2369 caesari
429 2341 493 2371 aut
512 2346 593 2371 non

261 2384 560 2425 ²³Considerans
578 2395 693 2426 aute*

261 2437 320 2475 ihs
340 2439 472 2477 dolum
491 2441 642 2479 illorum

261 2491 355 2529 dixit
379 2494 433 2530 eis
453 2495 544 2542 quid
566 2507 628 2533 me
651 2502 758 2546 temp

260 2546 347 2583 tatis
367 2546 591 2586 24ostendite
610 2550 663 2587 mi

258 2599 296 2636 hi
317 2599 505 2638 dinarium
525 2604 632 2640 cuius

258 2654 346 2691 abet
365 2655 572 2704 imaginem
592 2664 629 2695 et

258 2708 504 2747 scribtionem

258 2761 557 2811 Respondentes
576 2764 665 2803 dixe

257 2823 344 2853 runt
363 2818 526 2856 caesaris

255 2867 339 2907 ²⁵Et
358 2871 410 2908 ait
428 2872 499 2909 illis
521 2872 580 2911 ihs
603 2873 750 2912 reddite

826 313 937 360 Quae
957 317 1120 354 caesaris
1140 323 1218 356 su-

823 370 966 406 caesari
986 377 1022 407 et
1042 383 1140 420 quae
1159 371 1200 409 di

823 429 910 459 sunt
929 422 982 461 do

821 474 905 513 2‘³Et
924 488 1005 514 non
1025 484 1230 526 potuerunt
1250 491 1316 517 uer

820 530 914 566 bum
934 531 1015 568 eius
1034 533 1224 580 reprehe-

820 583 908 621 dere
928 596 1060 622 coram
1080 585 1226 634 plebe-⁶

819 643 856 674 et
876 638 1000 675 mirati
1019 639 1058 675 in
1077 651 1217 688 respon

818 702 862 728 so
881 691 962 728 eius
982 697 1182 730 tacuerunt

815 753 926 781 LXUII
936 745 963 766 ²⁷
983 745 1226 784 Accesserant
1244 761 1294 784 au

816 804 893 834 tem
913 798 1070 848 quidam
1090 800 1212 838 saddu

815 863 970 889 ceorum
991 854 1055 903 qui
1075 862 1206 903 nega-

815 917 898 942 esse
917 915 1142 945 resurrectio

814 971 904 996 nem
923 967 960 997 et
980 961 1170 1010 interroga

813 1020 948 1051 uerunt
965 1014 1071 1051 illum
1091 1015 1240 1054 ²⁸dice‘

812 1072 868 1103 tes
923 1069 1102 1116 magister

812 1131 963 1168 moyses
984 1123 1131 1159 scribsit
1151 1135 1204 1160 no

811 1174 869 1210 bis
890 1174 920 1210 si
940 1174 1051 1212 frater
1071 1176 1166 1213 alicu

810 1227 868 1264 ius
887 1235 1060 1265 mortuus
1080 1229 1142 1266 fue

808 1280 856 1317 rit
875 1280 1020 1319 habens
1040 1290 1187 1320 uxore*

808 1341 845 1371 et
865 1334 925 1372 hic
946 1336 1028 1373 sine
1048 1336 1146 1374 filius
1166 1336 1227 1374 fue

808 1388 853 1425 rit
890 1394 932 1425 ut
952 1389 1118 1438 adcipiat
1138 1403 1224 1429 eam

808 1441 919 1479 frater
938 1443 1018 1481 eius
1038 1456 1199 1483 uxorem

806 1502 844 1533 et
863 1497 1014 1535 suscitet
1034 1510 1166 1535 semen

805 1549 910 1587 fratri
929 1562 1000 1589 suo

805 1634 833 1656 ²⁹
843 1635 998 1685 Septem
1019 1643 1146 1675 autem
1170 1638 1300 1678 fratres

804 1698 912 1727 erant
931 1698 1024 1740 aput
1043 1704 1114 1730 nos
1167 1700 1204 1730 et
1225 1695 1281 1742 pri

803 1754 889 1781 mus
909 1744 1058 1794 adcepit
1079 1753 1227 1784 uxore-

802 1803 838 1833 et
858 1805 1030 1836 mortuus
1049 1807 1105 1836 est
1125 1800 1208 1838 sine

801 1850 880 1889 filio
900 1851 971 1889 3¹et
991 1853 1121 1891 tertius
1142 1854 1238 1892 adce

800 1905 855 1953 pit
874 1905 976 1943 illam
997 1907 1166 1944 similiter

800 1964 837 1995 et
856 1960 981 1997 omnis
1003 1967 1150 2009 septem

799 2024 879 2049 non
899 2013 1157 2064 relinquerunt

798 2066 896 2104 filios

797 2119 1054 2159 ³2N0uissime
1074 2128 1203 2161 autem

798 2182 949 2212 mortua
969 2183 1025 2212 est
1045 2183 1082 2213 et
1101 2177 1194 2214 muli

796 2240 836 2265 er
855 2228 927 2265 ³³in
947 2231 1173 2268 resurrectio

795 2293 844 2318 ne
865 2283 970 2320 cuius
991 2284 1060 2321 erit
1080 2296 1178 2322 uxor

795 2335 842 2372 de
863 2344 1008 2385 septem
1028 2349 1187 2376 uxorem

794 2389 895 2426 enim
915 2390 1128 2429 habuerunt
1147 2392 1173 2429 il

792 2442 869 2479 lam

792 2496 877 2534 3⁴¹Et
890 2497 941 2535 ait
952 2498 1023 2536 illis
1036 2499 1094 2536 ihs
1101 2500 1166 2537 filii
1178 2499 1287 2539 huius

792 2551 933 2588 saeculi
951 2565 1121 2602 generan

791 2612 851 2641 tur
871 2612 906 2642 et
925 2615 1110 2654 generant
1147 2608 1230 2646 35ad

790 2657 828 2694 hi
848 2659 913 2708 qui
933 2659 1036 2709 digni
1057 2662 1182 2698 haben

789 2719 849 2749 tur
868 2715 983 2750 seculi
1003 2715 1100 2752 illius
1120 2723 1156 2752 et
1176 2728 1214 2753 re

788 2768 1033 2805 surrectionis
1053 2781 1099 2805 ex
1120 2781 1205 2807 mor

787 2820 860 2858 tuis
879 2833 1005 2871 neque
1025 2823 1174 2861 nubunt

785 2886 911 2923 neque
930 2877 1127 2913 nubuntur

1747 195 1783 231 L
1792 195 1899 234 UCA
1908 197 2048 237 NUM

1387 277 1469 307 Fol.
1486 279 1566 309 140.

1388 319 1526 369 Neque
1546 321 1690 360 ducunt

1386 385 1526 412 uxores
1562 375 1721 425 ⁸⁶neque
1741 377 1830 414 eni*

1384 428 1592 465 morientur
1610 442 1701 467 nam
1721 437 1798 468 su-

1384 481 1515 518 similis
1535 484 1680 530 angelis
1700 484 1740 521 di
1760 485 1850 535 quia

1382 536 1666 574 resurrectionis
1685 538 1749 574 filii

1382 594 1470 625 sunt
1559 589 1777 639 ³⁷quoniam

1381 653 1473 679 uero
1492 651 1692 692 resurgunt
1712 657 1797 683 mor

1381 696 1433 732 tui
1453 708 1608 745 moyses
1626 704 1736 735 osten

1381 749 1432 786 dit
1453 751 1546 787 sicut
1567 750 1660 788 dixit
1680 752 1758 789 uidi
1777 752 1816 789 in

1379 804 1476 840 rubo
1497 804 1590 841 dom
1610 805 1676 842 dm
1697 806 1789 844 abra

1378 856 1467 894 ham
1524 864 1560 896 et
1579 857 1646 895 dm
1668 859 1744 897 isac

1377 917 1415 947 et
1434 910 1501 947 dm
1521 912 1633 950 iacob
1669 913 1750 951 ³⁸68
1770 926 1811 951 er

1377 976 1428 1013 go
1448 973 1684 1003 mortuorum
1704 972 1755 1005 no

1377 1025 1433 1055 est
1454 1019 1521 1056 sed
1540 1020 1717 1058 uiuorum
1738 1033 1803 1059 orn

1377 1083 1445 1108 nes
1465 1074 1567 1110 enim
1586 1075 1718 1112 uiuent
1738 1076 1772 1112 ei

1375 1125 1668 1175 ³⁹Resp0ndens
1688 1136 1816 1167 autem

1375 1180 1531 1227 quidam
1553 1182 1762 1220 scribarum

1375 1233 1551 1271 dixerunt
1571 1236 1751 1283 magister

1374 1286 1473 1323 bene
1494 1287 1619 1325 dixisti
1657 1289 1729 1327 ‘¹⁰et
1749 1302 1812 1327 am

1374 1341 1471 1388 plius
1491 1353 1570 1379 non
1592 1350 1677 1380 sunt
1697 1345 1780 1382 ausi

1373 1406 1462 1431 eum
1482 1396 1685 1446 quicquam
1707 1398 1746 1435 in

1372 1454 1565 1497 terrogare

1371 1500 1512 1539 ¹¹²Dixit
1532 1510 1660 1541 autem
1681 1505 1731 1542 ad
1750 1506 1834 1544 illos

1370 1555 1427 1593 ihs
1465 1559 1664 1606 quomodo
1684 1559 1800 1597 dicu*

1369 1641 1475 1690 Xpm
1495 1642 1614 1680 filium
1636 1644 1750 1682 dauid

1368 1708 1451 1733 esse
1525 1695 1594 1734 ‘¹²et
1614 1699 1695 1747 ipse
1715 1700 1763 1737 da

1368 1749 1432 1786 uid
1453 1750 1546 1788 dixit
1565 1751 1604 1788 in
1624 1752 1721 1791 libro

1367 1803 1604 1851 psalmorum

1420 1858 1507 1895 dicit
1527 1859 1612 1896 dffis
1632 1860 1724 1898 dffio

1420 1923 1508 1949 meo
1529 1913 1619 1950 sede
1640 1926 1661 1950 a
1682 1914 1755 1951 dex

1419 1965 1484 2002 tris
1504 1967 1597 2004 meis
1617 1967 1776 2006 ‘¹³donec

1420 2030 1564 2067 ponam
1584 2021 1759 2060 inimicos

1417 2079 1504 2110 tuos
1524 2075 1594 2111 sub
1614 2075 1701 2124 pedi

1416 2127 1489 2164 bus
1508 2128 1582 2165 tuis

1361 2179 1388 2199 ⁴4
1399 2179 1437 2217 Si
1458 2181 1574 2218 dauid
1595 2182 1634 2218 in
1654 2186 1726 2231 spu
1747 2183 1839 2221 dom

1360 2233 1465 2271 illum
1486 2242 1601 2273 uocat
1621 2248 1698 2285 quo

1359 2289 1479 2326 modo
1498 2288 1598 2327 filius
1618 2291 1700 2328 eius
1719 2298 1777 2329 est

1356 2343 1523 2378 LXUHI‘ffi
1543 2343 1724 2382 Audz'enle
1741 2350 1854 2383 aute*

1356 2397 1464 2432 omni
1482 2397 1626 2445 populo
1646 2398 1741 2436 dixit

1356 2449 1413 2486 ihs
1432 2450 1482 2487 ad
1502 2451 1709 2500 discipulos
1729 2465 1774 2490 su

1358 2515 1402 2540 os
1439 2504 1666 2543 ⁴¹⁶adtendite
1685 2507 1797 2545 uobis

1355 2558 1405 2594 ab
1425 2559 1557 2595 scribis
1576 2560 1641 2608 qui
1661 2560 1783 2598 uolu-

1354 2612 1549 2649 ambulare
1569 2614 1607 2649 in
1628 2614 1733 2651 stolis

1352 2672 1389 2701 et
1408 2673 1538 2702 amant
1558 2667 1731 2705 salutatio

1352 2719 1409 2755 nis
1429 2719 1468 2755 in
1488 2719 1570 2756 soro
1589 2728 1626 2757 et
1647 2721 1789 2769 primas

1350 2772 1550 2810 cathedras
1569 2774 1608 2809 in
1628 2774 1711 2812 foro

1350 2832 1387 2862 et
1406 2827 1551 2875 primos
1575 2827 1724 2866 discubi

1350 2885 1410 2917 tos
1430 2881 1468 2917 in
1489 2882 1637 2920 conuiis
1676 2883 1774 2932 ‘¹⁷qui

2358 215 2402 253 71

1916 325 1946 362 F
1948 326 2121 375 ingentes
2142 329 2287 379 longa-

1913 381 2128 418 orationem
2148 389 2185 420 et
2207 385 2254 421 de

1912 442 2048 471 uorant
2067 447 2186 484 panes
2206 437 2320 476 uidua

1912 499 1997 524 rum
2018 488 2055 525 hi
2076 491 2262 539 accipient

1911 541 2199 581 damnationem
2219 557 2284 583 ma

1908 594 2028 632 iorem

1907 648 1963 685 21¹
1986 648 2209 698 Respiciens
2229 660 2357 691 autem

1908 701 1965 738 ihs
1985 703 2079 740 uidit
2098 716 2165 741 eos
2186 707 2250 754 qui
2271 708 2340 745 mit

1908 756 2040 792 tebant
2059 769 2218 796 munera
2238 771 2306 798 sua

1907 808 1945 844 in
1966 810 2269 859 zaiophylacium

1907 862 2044 900 diuites

1907 915 1978 954 2Et
1997 916 2099 955 uidet
2119 919 2315 968 quandam

1906 970 2063 1008 uiduam
2083 984 2276 1021 paupercu

1906 1024 1982 1061 lam
2002 1026 2215 1064 mittentem
2235 1039 2280 1064 ae

1906 1090 1947 1113 ra
1967 1078 2152 1116 minutam
2173 1080 2250 1118 duo

1904 1131 1974 1169 ³Et
1993 1132 2086 1170 dixit
2105 1145 2194 1170 uere
2214 1134 2302 1172 dico
2321 1148 2372 1173 uo

1905 1185 1962 1222 bis
1983 1186 2099 1224 uidua
2118 1187 2213 1225 haec
2233 1201 2308 1237 pau

1904 1239 2060 1287 percula
2080 1240 2165 1289 plus
2184 1253 2302 1289 quam

1903 1304 2039 1330 omnes
2058 1295 2161 1332 misit
2202 1296 2313 1333 4nam

1903 1358 2039 1384 omnes
2058 1359 2105 1384 ex
2125 1348 2314 1387 abunda-

1902 1400 1929 1437 ti
1949 1401 2134 1438 miserunt
2154 1401 2192 1438 in
2212 1414 2279 1440 mu

1901 1466 1994 1491 nera
2013 1453 2051 1491 di
2071 1454 2167 1493 haec
2187 1462 2303 1494 aute*

1900 1519 1947 1545 ex
1968 1520 2015 1545 eo
2036 1509 2141 1558 quod
2161 1510 2267 1548 deest
2285 1510 2310 1548 il

1898 1561 1923 1598 li
1942 1573 2100 1600 omnem
2118 1564 2265 1602 uictum

1900 1647 2020 1685 Suum
2040 1661 2157 1698 quem
2177 1650 2280 1688 habu

1897 1702 1924 1739 it
1944 1703 2044 1740 misit
2272 1703 2394 1757 [dice-

1896 1757 2068 1793 LXUIHI⁵
2085 1756 2143 1794 Et
2158 1759 2374 1806 quibusdam

1895 1810 1997 1847 tibus
2017 1810 2063 1848 de
2082 1812 2225 1861 templo
2245 1815 2351 1863 quod

1895 1863 2084 1912 lapidibus
2104 1866 2215 1904 bonis
2234 1875 2272 1904 et

1895 1917 2007 1955 donis
2027 1926 2206 1956 ornatum
2227 1928 2286 1958 est

1894 1971 1989 2008 dixit
2009 1971 2122 2010 ⁶haec
2142 1973 2279 2012 uidetis

1893 2026 2050 2062 uenient
2069 2026 2150 2064 dies
2171 2028 2210 2063 in
2230 2028 2296 2077 qui

1893 2079 1964 2116 bus
1984 2091 2064 2117 non
2083 2081 2255 2131 relinque

1891 2138 1952 2169 tur
1971 2133 2069 2182 lapis
2089 2146 2206 2183 supra
2224 2135 2300 2185 lapi

1892 2185 1981 2224 dem
2001 2187 2062 2225 hic
2082 2189 2120 2225 in
2141 2189 2310 2238 pariete*

1891 2241 1955 2289 qui
1976 2253 2053 2279 non
2075 2242 2287 2280 destruatur

1889 2294 2244 2344 ⁷Interrogauerunt

1888 2355 2015 2385 autem
2034 2349 2140 2386 illum
2160 2350 2276 2388 dice-

1886 2408 1943 2439 tes
1963 2410 2164 2452 preceptor
2183 2409 2288 2453 qua-⁶

1886 2456 1937 2493 do
1958 2456 2051 2494 haec
2071 2465 2181 2494 erunt
2200 2464 2238 2495 et
2257 2459 2363 2509 quod

1883 2510 2038 2558 signum
2058 2523 2146 2548 cum
2164 2511 2247 2549 futu

1881 2575 1922 2600 ra
1941 2569 2050 2601 erunt

1880 2616 1980 2662 ⁸Qui
2000 2624 2130 2655 autem
2149 2618 2244 2656 dixit
2262 2619 2353 2657 uide

1880 2677 1916 2708 te
1937 2683 1986 2708 ne
2006 2671 2243 2710 seducamini

1879 2724 1986 2761 multi
2007 2725 2110 2762 enim
2130 2727 2276 2764 uenie—

1878 2778 1917 2814 in
1937 2779 2093 2817 nomine
2113 2791 2202 2818 meo
2222 2782 2260 2819 di

1877 2839 2008 2870 centes
2028 2834 2135 2883 quod
2154 2846 2227 2884 ego
2248 2843 2325 2873 su*

1875 2889 1948 2935 xps
1968 2893 2005 2925 et
2023 2894 2175 2937 tempus
2194 2888 2315 2939 adpro
