2504 3382
267 204 347 230 vm.
372 187 512 241 12-41.]
567 188 976 228 EUANGELIUM
1001 188 1112 227 SEC

263 279 345 309 1¹01.
364 279 434 307 111.

264 321 411 358 Lorum
431 319 592 356 uerbum
613 331 662 356 ne

266 374 459 411 credentes
480 373 573 410 salui
593 373 685 409 fiant

265 428 390 464 ¹3nam
410 427 475 476 qui
500 439 610 475 super
629 432 762 475 petra-

263 481 315 518 hii
336 488 423 518 sunt
443 481 508 530 qui
528 493 615 518 cum
635 481 746 518 audie

291 544 313 565 n

263 578 310 614 rit
331 589 419 615 cum
439 577 578 626 gaudio
599 577 682 614 adei

264 632 373 680 piunt
393 633 554 668 uerbum
576 637 612 668 et
632 630 670 667 hi

264 685 412 722 radices
433 697 512 722 non
533 685 675 722 habent

264 739 354 788 quia
375 739 423 776 ad
443 746 593 787 tempus
613 751 674 776 cre

264 794 359 830 dunt
380 799 416 829 et
436 793 474 828 in
495 801 669 840 tempore

264 847 523 895 temptationis
544 858 630 883 rece

263 900 358 937 dunt

263 952 417 999 ¹⁴Quod
433 959 561 990 autern
576 953 614 989 in
630 953 758 1002 spinas

263 1007 397 1045 cecidit
417 1007 466 1043 hii
487 1013 574 1043 sunt
594 1007 658 1055 qui

262 1061 464 1098 audierunt
484 1061 521 1097 eb
540 1072 561 1096 a
582 1059 700 1097 sollici

263 1114 456 1152 tudinibus
476 1120 512 1150 et
532 1113 672 1150 diuitiis

263 1174 300 1205 et
320 1167 579 1216 uoluptatibus
598 1166 699 1204 uitae

263 1227 397 1258 euntes
418 1220 529 1257 simul
549 1220 647 1257 suffo

263 1281 397 1311 cantur
451 1280 488 1311 et
508 1286 587 1311 non
607 1286 647 1310 re

260 1326 384 1365 ferunt
405 1327 568 1364 fructum

262 1381 401 1430 ¹⁵qu0d
422 1387 549 1419 autem
569 1381 608 1417 in
629 1387 685 1418 ter

261 1447 344 1473 ram
364 1437 508 1473 bonam
526 1435 577 1471 hii
598 1442 685 1471 sunt

262 1490 327 1539 qui
347 1489 460 1527 corde
481 1490 582 1526 bono
604 1488 692 1526 audi

261 1549 368 1580 entes
387 1543 547 1580 uerbum
567 1543 636 1580 reti

297 1606 318 1626 Π

262 1647 326 1677 net
347 1646 383 1677 et
402 1639 569 1677 fructum
590 1638 638 1676 ad

260 1725 371 1763 Feret
391 1739 458 1775 per
477 1726 689 1776 patientia-

259 1779 423 1818 ¹⁶Nerno
443 1788 570 1818 autem
591 1781 693 1818 lucer

261 1846 352 1871 nam
373 1835 579 1872 adcensam
600 1847 674 1883 ope

259 1888 305 1924 rit
325 1900 421 1925 uaso
441 1895 506 1925 aut
525 1889 596 1925 sub
615 1889 671 1926 lec

260 1948 343 1979 tum
363 1942 471 1991 ponit
492 1942 558 1979 sed
579 1943 687 1991 ponit

260 2007 347 2032 eam
367 2007 481 2044 super
502 1997 624 2033 cande

259 2049 408 2086 labrum
429 2057 469 2086 ut
490 2050 616 2087 intran

258 2110 317 2140 tes
337 2104 489 2141 uideant
510 2104 639 2141 lumen

258 2157 372 2195 ¹⁷non
392 2159 496 2195 enirn
515 2164 572 2195 est
592 2158 701 2196 occul

259 2217 340 2247 tum
361 2212 463 2260 quod
484 2223 563 2249 non
583 2224 647 2249 ma

259 2265 468 2302 nifestetur-
521 2278 592 2303 nec

258 2319 492 2356 absconsum
513 2320 583 2356 nisi
604 2331 678 2368 cog

258 2378 435 2409 noscatur
454 2381 491 2410 et
511 2374 549 2410 in
570 2373 684 2422 pala-

258 2426 387 2463 ueniat

257 2479 430 2517 ¹⁸Uidete
451 2480 648 2529 quomodo
668 2493 717 2517 au

258 2534 342 2571 ditis
417 2535 482 2583 qui
501 2536 604 2572 enirn
624 2535 673 2571 ha

257 2588 320 2624 bet
340 2587 490 2625 dabitur
509 2589 560 2625 illi
598 2596 634 2625 et
654 2588 720 2637 qui

257 2654 423 2690 cumque
444 2654 523 2678 non
544 2642 658 2679 habet

255 2695 370 2732 etiam
391 2696 495 2745 quod
515 2703 621 2744 putat
641 2708 680 2733 se

255 2749 394 2786 habere
415 2749 607 2787 auferetur

256 2804 305 2840 ab
325 2803 388 2840 illo

256 2856 491 2894 ¹⁹Uenerunt
511 2865 638 2895 autem
658 2858 707 2896 ad

255 2910 361 2948 illurn
381 2919 500 2949 mater
520 2919 557 2949 et
576 2913 632 2950 fra

255 2970 331 3002 tres
351 2965 430 3003 eius
450 2973 487 3003 et
507 2979 586 3004 non
606 2979 658 3017 po

320 3139 470 3156 BUCHANAN

797 319 945 357 Terant
966 320 1069 357 adire
1089 331 1177 356 eum

797 386 865 422 pre
886 375 995 411 turba
1069 373 1097 394 ²⁰
1118 373 1249 411 nuntia

796 433 878 464 tum
898 434 954 465 est
974 434 1099 464 autem
1120 427 1172 463 illi

796 481 885 529 quia
904 487 1025 518 mater
1045 488 1109 518 tua
1129 488 1165 518 et

795 534 926 572 fratres
946 535 999 571 tui
1020 541 1119 571 stant

795 588 885 626 foris
905 589 1078 626 uolentes
1098 595 1133 625 te

794 642 924 679 uidere

794 695 820 716 ²¹
830 695 907 742 Qui
928 694 1125 743 respondit
1145 694 1237 731 dixit

795 749 843 786 ad
864 761 930 787 eos
968 754 1088 785 mater
1106 755 1142 786 et
1162 748 1217 786 fra

793 809 868 841 tres
888 803 963 840 mei
984 802 1032 838 hii
1054 808 1141 839 sunt

795 857 859 905 qui
878 857 1035 894 uerbum
1056 855 1096 892 di
1116 868 1163 893 au

794 911 899 947 diunt
920 917 956 947 et
975 910 1119 947 faciunt

794 964 899 1000 XXI²²
919 963 1077 1000 Faclum
1100 967 1153 1001 est
1172 967 1287 1000 aulem

791 1019 830 1055 in
850 1030 926 1054 una
946 1018 1092 1054 dierum
1112 1024 1148 1054 et
1168 1017 1206 1065 ip

794 1084 833 1109 se
853 1072 1022 1109 ascendit
1042 1072 1081 1108 in
1101 1071 1191 1108 naui

793 1125 919 1162 culam
939 1132 975 1161 et
995 1125 1168 1173 discipuli
1189 1124 1270 1162 eius

793 1184 830 1215 et
851 1179 899 1216 ait
920 1178 967 1215 ad
988 1178 1071 1215 illos
1091 1185 1195 1215 trans

791 1231 972 1268 fretemus
992 1238 1097 1268 trans
1118 1238 1202 1280 stag

791 1297 885 1322 num
905 1292 942 1322 et
961 1285 1185 1322 leuauerunt

792 1337 1108 1388 23Nauigantibus
1129 1351 1177 1376 au

791 1399 869 1430 tem
888 1393 958 1430 illis
978 1393 1158 1430 obdormi

792 1448 819 1485 it
838 1453 875 1484 et
895 1447 1090 1484 descendit
1110 1459 1180 1495 pro

792 1501 887 1538 cella
905 1501 1009 1538 uenti
1029 1507 1065 1537 et
1086 1512 1162 1537 con

791 1555 967 1605 plebatur
986 1554 1165 1592 fructibus

789 1726 1017 1765 Nauiculam
1037 1733 1073 1764 et
1092 1739 1141 1777 pe

788 1782 1048 1819 riclitabantur

789 1835 1064 1873 ²4Accedentes
1084 1841 1212 1872 autern

790 1890 1066 1927 suscitauerunt
1085 1901 1174 1926 eum

788 1943 959 1992 discipuli
980 1944 1149 1980 dicentes

789 2005 991 2046 preceptor
1010 1997 1176 2045 perimus

789 2050 852 2088 Ad
873 2051 931 2087 ille
953 2063 1110 2099 surgens
1131 2051 1233 2088 incre

789 2105 894 2155 pauit
912 2111 1069 2142 uentum
1089 2111 1126 2141 et
1145 2112 1213 2141 te*

788 2165 974 2207 pestatem
994 2171 1115 2207 aquae
1136 2165 1173 2195 et

788 2213 952 2250 cessauit
972 2219 1008 2249 et
1028 2213 1126 2250 facta
1146 2219 1202 2250 est

787 2266 1036 2315 tranquillitas

787 2319 930 2356 2⁵Dixit
949 2326 1075 2357 autem
1095 2320 1165 2358 illis
1185 2321 1249 2357 ubi

786 2380 842 2411 est
862 2374 955 2411 fides
975 2384 1101 2411 uestra

786 2427 835 2464 Et
856 2428 1032 2465 timentes
1052 2427 1178 2465 mirati

787 2488 875 2519 sunt
894 2482 943 2519 ad
963 2482 1127 2519 inuicem
1149 2482 1185 2519 di

787 2541 916 2573 centes
955 2536 1132 2584 quisnam

899 2598 917 2619 C

786 2638 842 2669 est
862 2631 919 2669 his
940 2632 1004 2681 qui
1025 2633 1147 2670 uentis
1168 2632 1219 2669 im

785 2692 892 2734 perat
913 2693 950 2723 et
969 2687 1064 2723 mari
1083 2693 1120 2723 et
1139 2687 1241 2723 obau

785 2740 893 2776 diunt
915 2740 949 2776 ei

786 2794 916 2829 xii-11²⁶

786 2855 862 2884 tem
883 2847 931 2884 ad
952 2848 1149 2895 regionem
1212 2845 1281 2899 [au

784 2913 1055 2951 gerasenorum
1076 2914 1150 2950 que

784 2962 840 2993 est
860 2963 964 2993 trans
985 2962 1118 2993 contra
1136 2968 1186 3004 ga

784 3010 909 3047 lileam

967 2792 1011 2829 E
1009 2794 1286 2842 namgauerzml

1756 191 1791 227 L
1801 190 1905 229 UCA
1912 190 1962 229 N
1961 191 2050 229 UM

1358 277 1438 307 Pol.
1456 278 1530 308 112.

1358 320 1442 357 ²⁷Et
1462 332 1549 357 cum
1569 332 1742 369 egressus
1762 333 1803 359 es

1360 380 1415 411 set
1435 375 1596 411 occurrit
1615 375 1664 411 illi
1683 376 1740 411 uir

1358 427 1512 475 quidam
1534 428 1598 476 qui
1618 428 1780 466 habebat

1358 481 1580 518 demonium
1602 482 1674 519 iam
1697 488 1774 519 tem

1358 534 1514 582 poribus
1535 535 1661 572 multis
1681 541 1718 572 et
1738 548 1805 573 ues

1360 588 1558 624 timentum
1578 600 1656 625 non
1676 589 1715 625 in

1357 641 1541 678 duebatur
1560 654 1684 691 neque
1705 643 1744 679 in

1357 695 1475 732 domo
1495 697 1674 733 manebat
1695 695 1761 733 sed

1355 749 1393 785 in
1414 750 1674 787 monumentis
1711 750 1776 786 ²⁸is

1356 809 1396 839 ut
1415 803 1509 839 uidit
1528 803 1607 840 ihm
1628 803 1789 853 procidit

1356 862 1443 894 ante
1463 857 1568 894 illum
1589 864 1625 894 et
1646 857 1754 895 excla

1356 922 1467 948 mans
1487 923 1581 948 uoce
1601 923 1745 960 magna

1356 964 1448 1000 dixit
1468 965 1559 1013 quid
1579 965 1671 1001 mihi
1692 972 1728 1002 et
1748 965 1814 1002 tibi

1355 1025 1411 1055 est
1431 1018 1496 1054 ihu
1515 1019 1565 1054 fili
1586 1019 1624 1055 di
1645 1019 1761 1057 altissi

1355 1072 1408 1108 mi
1429 1073 1590 1109 obsecro
1610 1078 1647 1110 te
1667 1085 1715 1110 ne
1735 1085 1798 1111 me

1355 1134 1534 1174 torqueas

1354 1179 1381 1200 ²⁹
1390 1178 1759 1227 Precipiebatautem
1768 1181 1852 1230 spui

1355 1233 1542 1270 inmundo
1562 1240 1602 1270 ut
1623 1234 1740 1271 exiret

1356 1287 1405 1323 ab
1424 1286 1581 1324 homine
1618 1288 1748 1325 multis

1356 1340 1459 1377 enim
1478 1342 1716 1390 temporibus

1354 1394 1569 1443 adripuerat
1588 1395 1693 1432 illum

1355 1460 1447 1485 nam
1466 1449 1616 1486 uinctus
1637 1456 1720 1486 cate

1356 1502 1414 1539 nis
1434 1508 1471 1538 et
1492 1502 1729 1551 conpedibus

1355 1556 1670 1594 custodiebantur
1689 1564 1726 1594 et

1355 1727 1493 1777 Ruptis
1513 1729 1674 1767 uinculis

1354 1783 1535 1831 agebatur
1554 1784 1592 1820 in
1612 1784 1700 1821 loco

1352 1835 1502 1873 deserto

1353 1889 1641 1938 ⁸⁰Interrogauit
1662 1890 1766 1927 illum

1352 1943 1409 1980 ihs
1429 1944 1535 1993 quod
1553 1944 1618 1981 tibi
1638 1950 1784 1982 nome*

1351 2004 1408 2034 est

1351 2051 1413 2088 Ad
1434 2050 1493 2088 ille
1514 2052 1753 2100 respondens

1351 2105 1444 2142 dixit
1464 2105 1565 2154 legio
1638 2106 1727 2156 quia

1493 2169 1512 2189 a

1350 2202 1456 2239 multi
1477 2202 1652 2240 demonis
1671 2209 1764 2240 era*

1350 2255 1421 2292 ⁸¹et
1441 2257 1628 2305 rogabant
1648 2265 1776 2294 autem

1350 2309 1456 2346 illum
1476 2322 1524 2347 ne
1544 2311 1691 2360 impera

1349 2371 1405 2401 ret
1425 2364 1494 2401 illis
1515 2370 1566 2401 ut·
1587 2365 1626 2402 in
1646 2365 1756 2402 habis

1350 2430 1432 2455 sum
1455 2418 1553 2455 irent

1348 2472 1479 2509 ³²Erat
1498 2479 1625 2509 autem
1645 2472 1696 2509 ibi
1714 2485 1807 2522 grex

1349 2537 1554 2574 porcorum
1574 2526 1695 2563 multo

1350 2591 1434 2616 rum
1472 2581 1709 2628 pascentium

1349 2639 1386 2670 et
1407 2640 1637 2681 rogauerunt
1657 2640 1734 2670 eu-

1349 2693 1390 2723 ut
1411 2687 1449 2723 in
1469 2687 1539 2723 illis
1558 2687 1654 2723 irent
1673 2693 1710 2724 et
1730 2699 1798 2735 per

1349 2740 1449 2777 misit
1469 2741 1538 2777 illis

1349 2794 1568 2831 ³³Exierunt
1588 2806 1681 2842 ergo
1700 2794 1815 2832 demo

1349 2849 1412 2885 nia
1432 2848 1480 2884 ab
1501 2848 1655 2885 homine
1676 2855 1712 2885 et

1350 2902 1585 2939 intrauerunt
1604 2902 1652 2939 ad
1672 2914 1744 2951 por

1347 2967 1414 2992 cos

1350 3009 1396 3046 Et
1416 3010 1548 3059 inpetu
1567 3010 1658 3047 abiit
1677 3022 1771 3059 grex

2329 203 2377 243 57

1888 320 1961 357 Per
1980 332 2164 370 praeceps
2183 322 2222 358 in
2242 328 2326 370 stag

1888 386 1980 411 num
2001 382 2037 411 et
2057 375 2230 413 suffocati
2251 384 2324 412 su-

1888 428 2024 477 34quod
2044 435 2083 465 ut
2103 428 2245 466 factum
2266 430 2303 467 ui

1887 481 2023 519 derunt
2043 482 2108 532 qui
2127 495 2192 520 eos
2213 495 2282 532 pas

1973 545 1994 565 n

1885 579 1995 616 cebat
2015 579 2193 627 fugerunt
2212 586 2249 617 et

1886 633 2157 670 nuntiauerunt
2178 634 2215 669 in
2236 634 2270 671 ci

1886 685 2043 722 uitatem
2064 693 2100 723 et
2120 687 2157 722 in
2178 688 2286 725 uillas

1887 738 2105 776 35Exierunt
2125 748 2253 777 autem
2273 741 2312 778 ui

1888 791 1977 830 dere
1998 793 2088 842 quid
2109 793 2254 831 sactum

1887 852 1944 883 est
2019 853 2055 883 et
2075 854 2263 884 uenerunt

1887 899 1936 937 ad
1957 899 2036 936 ihm
2092 908 2129 938 et
2148 901 2287 939 inuene

1886 960 1974 990 runt
1993 954 2192 991 hominem
2230 967 2270 992 se

1887 1007 2042 1044 dentem
2063 1020 2085 1045 a
2105 1021 2182 1058 quo
2202 1009 2318 1047 demo

1886 1061 1949 1098 nia
1969 1062 2139 1099 exierant
2158 1063 2331 1100 uestitu*

1885 1127 1930 1152 ac
1951 1127 2044 1153 sana
2063 1123 2191 1153 mente
2211 1117 2259 1154 ad
2278 1129 2328 1166 pe

2317 1173 2331 1200 t

1887 1211 1954 1248 des
1974 1211 2054 1248 eius
2075 1219 2111 1249 et
2131 1213 2322 1250 timueru-

1887 1264 2204 1302 36Nuntiauerunt
2225 1274 2354 1304 autem

1887 1318 1957 1356 illis
1978 1319 2043 1368 qui
2063 1319 2235 1356 uiderant
2255 1333 2332 1370 quo

1887 1372 2006 1410 modo
2026 1384 2140 1410 sanus
2160 1374 2282 1412 sactus

1886 1433 1943 1463 est
1963 1439 1985 1463 a
2005 1426 2154 1475 legione
2197 1427 2269 1465 3⁷et
2288 1440 2382 1478 roga

1885 1487 2025 1517 uerunt
2044 1481 2148 1517 illum
2169 1493 2236 1519 om

1885 1534 1944 1571 nis
1964 1534 2164 1572 multitudo
2185 1535 2291 1584 regio

1884 1588 1943 1625 nis
1962 1600 2235 1636 gerasenorum

1883 1648 1924 1679 ut
1944 1642 2164 1680 descederet
2185 1644 2233 1681 ab
2253 1643 2291 1693 ip

1886 1728 1945 1767 Sis
1966 1730 2052 1779 quia
2073 1729 2204 1768 timore
2225 1743 2316 1780 mag

2077 1793 2097 1813 n

1882 1838 1934 1864 no
1953 1827 2154 1864 tenebatur

1883 1881 1972 1929 Ipse
1993 1888 2117 1917 autem
2141 1881 2312 1919 ascendit

1882 1935 1921 1971 in
1941 1934 2159 1971 nauiculam
2179 1942 2216 1971 et
2236 1948 2275 1972 re

1881 1999 2013 2025 uersus
2034 1995 2091 2025 est
2109 1988 2181 2025 πεῖ
2201 1990 2351 2038 rogauit

1880 2041 1985 2078 illum
2005 2042 2072 2078 uir·
2094 2054 2127 2078 a·
2149 2054 2226 2091 quo
2246 2043 2361 2082 demo

1880 2097 1944 2133 nia
1965 2096 2135 2133 exierant
2156 2103 2196 2133 ut
2217 2109 2306 2134 cum

1880 2150 1966 2198 ipso
1986 2151 2114 2186 essent

1880 2203 2033 2241 Dimisit
2053 2211 2181 2240 autem
2201 2204 2306 2241 illum

1881 2258 2013 2295 dicens
2033 2258 2148 2295 ³⁹redi
2168 2258 2206 2294 in
2227 2259 2373 2295 domu-

1880 2320 1985 2348 tuam
2006 2318 2042 2348 et
2062 2324 2172 2349 narra
2191 2324 2295 2361 quan

1879 2372 1917 2402 ta
1938 2365 2003 2402 tibi
2025 2365 2112 2402 fecit
2131 2365 2177 2402 ds

1879 2419 1928 2456 Et
1949 2419 2039 2455 abiit
2058 2431 2125 2467 per
2144 2418 2362 2457 uniuersam

1880 2473 2072 2510 ciuitatem
2092 2472 2318 2521 praedicans

1879 2533 2022 2575 quanta
2043 2526 2099 2563 ihs
2120 2526 2207 2563 fecit
2227 2526 2277 2563 illi

1879 2589 1990 2616 XXIII
1995 2580 2022 2599 ⁴¹⁰
2028 2579 2188 2616 Factum
2197 2585 2250 2617 esl
2258 2585 2375 2618 aulem

1879 2645 1966 2670 cum
1988 2633 2146 2671 redisset
2166 2634 2223 2671 ihs
2243 2647 2291 2672 ex

1879 2688 1979 2736 cepit
1999 2687 2104 2723 illum
2125 2689 2235 2725 turba

1878 2747 1984 2778 erant
2004 2741 2106 2778 enim
2127 2753 2262 2779 omnes

1877 2801 2123 2843 expectantes
2143 2807 2231 2832 eum

1877 2848 1961 2886 4ΙΕῑ
1982 2861 2071 2887 ecce
2091 2850 2196 2887 uenit
2219 2849 2277 2886 uir
2296 2849 2355 2887 cui

2072 2912 2083 2932 l

1878 2957 2021 2984 nomen
2041 2946 2141 2983 iarus
2161 2952 2198 2983 et
2217 2946 2300 2995 ipse

1877 3007 1957 3037 erat
1978 3000 2152 3049 princeps
2174 3011 2268 3048 syna

1877 3066 2002 3104 gogae
2022 3060 2059 3090 et
2078 3053 2214 3091 cecidit
2234 3053 2282 3090 ad
