2504 3382
257 203 334 230 xm.
352 186 474 242 9—42.]
531 186 940 226 EUANGELIUM
969 186 1080 225 SEC

255 280 336 309 1¹01.
353 280 408 309 21.

257 321 433 359 ⁹Turbae
453 326 581 358 autem
601 331 699 368 quae

258 375 512 424 precedebant
531 380 568 412 et
588 385 687 423 quae

258 429 516 478 sequebantur
597 427 720 464 clama

258 483 351 519 bant
370 482 540 519 dicentes
559 493 675 518 ossan

258 548 309 573 na
328 536 405 574 filio
425 535 540 573 dauid
559 534 720 572 benedic

258 595 320 627 tus
341 590 406 639 qui
426 590 530 626 uenit
551 590 588 625 in
610 589 716 625 nomi

260 655 307 681 ne
331 643 409 680 dini
428 655 568 681 ossana
587 644 625 679 in
646 642 730 679 altis

259 697 365 735 simis

260 751 343 788 ¹⁰Et
365 762 451 787 cum
472 750 646 787 intrasset
666 748 727 787 hie

260 804 451 842 rosolimis
472 812 655 841 conmota

260 865 317 895 est
337 859 514 895 uniuersa
535 857 667 894 ciuitas

261 912 433 949 dicentes
453 912 537 960 quis
556 917 612 948 est
632 910 692 947 hic

260 965 286 985 ¹¹
296 965 409 1002 Multi
429 972 556 1001 autem
584 965 759 1001 dixerunt

260 1018 321 1056 hic
343 1026 400 1056 est
420 1019 477 1055 ihs
496 1018 685 1067 propheta

263 1085 286 1109 a
306 1072 482 1109 nazareth
503 1071 651 1119 galiliae

263 1125 346 1163 ¹2Et
366 1125 519 1162 intrauit
535 1125 592 1161 ihs
610 1125 648 1161 in
664 1131 759 1160 tem-

643 1175 755 1229 [plu‘

261 1232 301 1269 di
321 1237 357 1269 et
377 1232 515 1269 eicibat
530 1243 665 1269 ornnes
681 1237 761 1268 ue‘*

262 1286 396 1323 dentes
413 1292 450 1323 et
471 1292 619 1322 mentes
639 1286 679 1322 in

261 1340 407 1388 templo
427 1345 463 1376 et
483 1351 637 1376 mensas
657 1344 738 1375 nu*

261 1393 509 1431 mulariorum
531 1400 568 1430 et
589 1392 705 1430 colu*

261 1449 330 1485 bas
351 1447 590 1484 uindentium
611 1453 692 1483 cate

262 1501 349 1538 dras
365 1502 498 1538 euertit
510 1500 581 1538 ¹³et
590 1500 682 1537 dixit
693 1499 761 1537 illis

262 1555 443 1604 scriptum
463 1561 520 1592 est

316 1609 454 1646 domus
475 1620 561 1645 mea
581 1607 719 1645 domus

315 1695 497 1733 orationis
517 1694 655 1732 uocabi

316 1756 376 1786 tur
395 1760 466 1786 uos
486 1755 612 1786 autem
632 1747 667 1785 se

317 1803 419 1840 cistis
439 1802 541 1839 illam
561 1802 694 1851 spelun

317 1868 361 1893 ca
381 1857 573 1893 latronum

263 1910 349 1947 ¹⁴Et
364 1910 606 1946 adcesserunt
621 1908 669 1946 ad
683 1917 761 1947 eu—

263 1964 367 2001 caeci
388 1970 425 2001 et
445 1963 544 2001 clodi
564 1963 602 1999 in
622 1970 700 2000 tem

262 2017 327 2067 plo
350 2024 386 2055 et
407 2018 553 2054 sanauit
573 2029 641 2054 eos

263 2071 485 2109 ²⁵Uidentes
523 2078 652 2108 autem
687 2069 762 2107 dis-

654 2121 762 2176 [cipu

262 2179 287 2216 li
308 2185 345 2216 et
364 2178 544 2228 principis
564 2191 671 2216 sacer

263 2233 398 2270 dotum
419 2240 455 2270 et
476 2233 596 2270 scribe
617 2232 670 2268 mi

264 2287 395 2324 rabilia
415 2298 514 2336 quae
534 2286 621 2324 fecit
641 2286 698 2323 ihs

264 2346 301 2378 et
320 2352 460 2389 pueros
479 2340 688 2378 clamantes

264 2394 304 2431 in
324 2395 469 2443 templo
489 2402 527 2431 et
547 2394 718 2432 dicentes

264 2459 413 2485 osanna
432 2448 508 2485 filio
530 2448 644 2485 dauid

265 2501 452 2550 indignati
472 2508 561 2538 sunt
581 2501 650 2539 ¹⁶et
670 2501 708 2538 di

264 2561 401 2592 xerunt
421 2555 454 2593 ei
475 2555 583 2592 audis
603 2555 697 2605 quid

264 2608 324 2646 isti
344 2608 474 2646 dicunt

264 2662 331 2700 Ihs
351 2669 479 2699 autem
501 2662 595 2700 dixit
613 2663 667 2700 eis
686 2662 740 2701 uti

264 2729 340 2766 que
361 2728 440 2753 non
460 2716 602 2765 legistis
622 2729 669 2753 ex

265 2782 332 2808 ore
355 2769 554 2807 infantium
575 2777 611 2807 et
631 2770 690 2808 lac

264 2824 427 2861 tantium
447 2823 638 2873 perfecisti

265 2877 420 2915 laudem

266 2930 351 2968 17Εῐῑ
371 2931 508 2969 relictis
529 2930 599 2968 illis
615 2931 706 2970 abiit
725 2931 764 2971 fo

267 2996 328 3023 ras
347 2991 454 3024 extra
473 2985 668 3024 ciuitatem

788 319 835 356 In
855 318 1073 356 bethaniam
1093 317 1221 368 ibique

788 374 927 410 mansit

791 427 891 462 LXI¹³
906 426 1026 463 Illane
1043 428 1160 463 aulem
1180 429 1268 462 tran

792 481 894 518 siens
914 481 952 517 in
976 480 1167 517 ciuitatem

791 535 919 572 esuriit
975 533 1045 570 ¹⁰et
1064 533 1199 570 uidens
1219 543 1260 569 ar

791 589 924 625 borem
948 599 1063 624 unam
1084 587 1180 624 ficus

792 653 899 679 secus
919 641 1022 678 uiam
1042 641 1145 677 uenit
1165 639 1213 677 ad
1233 638 1258 676 il

791 695 868 732 lam
887 702 924 732 et
945 694 1037 730 nihil
1057 694 1202 731 inuenit

791 749 830 786 in
851 760 936 785 eam
956 748 1028 785 nisi
1050 748 1138 785 folia
1159 754 1223 784 tan

792 809 874 840 tum

793 868 909 906 quarn
929 868 976 894 ex
997 862 1033 892 te
1053 854 1198 892 fructus

792 918 968 947 nascatur
987 910 1025 946 in
1046 909 1212 957 senpiter

793 976 886 1001 num
907 970 943 1001 et
963 963 1067 1000 arida
1087 962 1186 1000 facta

793 1024 850 1055 est
871 1018 1053 1055 continuo
1072 1015 1161 1054 ficul

794 1083 866 1108 nea

793 1123 878 1160 ²⁰Et
898 1123 1071 1161 uidentes
1092 1122 1265 1172 discipuli

794 1178 917 1214 mirati
939 1184 1026 1214 sunt
1046 1177 1215 1214 dicentes

795 1231 993 1281 quomodo
1015 1231 1196 1268 continuo

795 1292 893 1322 aruit

795 1338 1059 1387 21Respondes
1086 1343 1213 1375 autem
1237 1337 1294 1375 ihs

797 1394 847 1430 ait
867 1393 919 1430 eis
940 1404 1052 1429 amen
1073 1392 1159 1429 dico
1180 1404 1230 1428 uo

945 809 981 840 et
1001 801 1051 838 ait
1071 802 1121 838 illi
1141 812 1234 837 num

795 1447 853 1484 bis
875 1447 904 1483 si
926 1445 1130 1483 habueritis
1151 1445 1252 1483 fide-

796 1507 833 1537 et
854 1512 933 1537 non
953 1499 1205 1537 hesitaueritis

797 1566 878 1591 non
899 1553 1023 1591 solum
1044 1553 1090 1590 de
1111 1552 1201 1590 ficul

797 1694 883 1732 Nea
902 1694 1045 1732 facietis
1065 1693 1130 1732 sed
1152 1699 1188 1731 et

798 1750 829 1787 si
850 1749 971 1786 monti
991 1748 1079 1785 huic
1101 1747 1268 1785 dixeritis

796 1803 885 1840 tolle
905 1809 941 1839 te
957 1808 994 1840 et
1013 1803 1111 1839 iacta
1125 1807 1162 1839 te
1177 1801 1216 1838 in
1231 1814 1295 1839 ma

795 1869 836 1894 re
857 1857 919 1894 fiet

796 1910 882 1947 ²²Et
901 1910 1031 1947 omnia
1055 1921 1295 1959 quecumque

797 1964 977 2014 petieritis
996 1964 1035 2000 in
1055 1963 1228 2000 oratione

798 2017 994 2055 credentes
1014 2017 1210 2066 adcipietis

798 2071 883 2109 ²³Et
895 2083 982 2109 cum
996 2072 1162 2108 uenisset
1175 2071 1212 2107 in
1226 2077 1292 2108 te‘

797 2126 904 2175 plum
924 2130 1170 2162 accesserunt

798 2180 848 2217 ad
868 2191 955 2217 eum
977 2178 1178 2216 docentem
1206 2177 1297 2228 pri'*

798 2234 892 2282 cipis
912 2232 1154 2270 sacerdotum
1173 2238 1211 2270 et

799 2287 969 2324 seniores
989 2286 1120 2335 populi
1140 2285 1250 2324 dicen

799 2348 855 2378 tes
876 2341 914 2376 in
936 2352 1012 2389 qua
1032 2347 1221 2389 potestate

798 2394 892 2432 haec
913 2394 1005 2431 sacis
1024 2399 1061 2431 et
1081 2394 1166 2442 quis
1186 2393 1251 2431 tibi

800 2448 905 2486 dedit
924 2447 1022 2485 hanc
1041 2454 1256 2496 potestate-

800 2501 1069 2552 ²⁴Resp0ndes
1106 2502 1165 2539 ihs
1203 2501 1298 2539 dixit

1206 2553 1297 2608 [illis

801 2609 1045 2658 interrogabo
1064 2621 1136 2647 uos
1156 2615 1194 2647 et

800 2676 873 2713 ego
893 2675 1012 2700 unum
1037 2664 1198 2701 uerbum

801 2718 914 2755 dicite
934 2717 1026 2753 mihi
1127 2717 1231 2766 quod
1251 2717 1282 2755 si

801 2771 969 2809 dixeritis
989 2770 1080 2808 mihi
1101 2777 1139 2808 et
1157 2784 1232 2820 ego

800 2825 913 2863 uobis
934 2825 1060 2862 dicam
1080 2825 1118 2862 in
1140 2838 1216 2874 qua

801 2885 987 2928 potestate
1007 2878 1102 2917 haec
1124 2879 1222 2917 facio

801 2932 1078 2982 ²⁵Baptismum
1098 2932 1276 2971 iohannis

799 2987 902 3025 unde
921 2993 1002 3025 erat
1021 2987 1068 3025 de
1089 2987 1197 3026 caelo

1297 3104 1360 3131 c2

1739 184 1827 223 MA
1839 184 1879 222 T
1875 185 1917 223 T
1907 185 1951 222 E
1953 185 2046 223 UM

1357 275 1438 305 1¹01.
1454 275 1513 305 22.

1356 330 1405 355 an
1426 330 1473 354 ex
1493 317 1715 355 hominibus

1354 371 1417 408 Ad
1436 372 1486 407 illi
1511 372 1730 420 cogitabant
1754 370 1851 408 intra

1355 437 1395 462 se
1416 425 1583 462 dicentes
1603 425 1667 462 ¹²⁶si
1687 425 1805 462 dixeri

1356 490 1440 515 mus
1460 479 1507 516 de
1528 479 1635 516 caelo
1656 479 1755 516 dicet

1355 533 1467 569 nobis
1486 544 1604 582 quare
1625 544 1702 569 non
1723 544 1785 569 cre

1355 586 1500 623 didistis
1521 586 1571 622 illi
1591 586 1621 623 si
1641 592 1768 622 autem
1789 585 1826 622 di

1355 640 1523 676 xerirnus
1543 651 1590 676 ex
1612 639 1828 676 hominibus

1356 694 1533 730 timemus
1553 694 1702 730 turbam
1724 704 1791 730 om

1357 759 1424 784 nes
1446 747 1549 784 enim
1569 747 1710 783 habent
1731 746 1768 784 io

1357 801 1525 838 hannem
1546 800 1639 838 sicut
1660 799 1768 850 profe

1357 862 1436 891 tam

1356 907 1384 928 ²⁷
1393 908 1442 945 Et
1463 907 1740 957 responderunt
1759 907 1810 945 ad

1358 963 1436 999 ihm
1458 963 1634 1000 dixerunt
1653 962 1759 999 nesci

1359 1028 1446 1053 mus

1358 1071 1422 1107 Ait
1435 1070 1503 1107 illis
1516 1076 1552 1107 et
1565 1069 1620 1106 ihs
1634 1082 1705 1107 nec
1718 1081 1790 1119 ego
1804 1080 1856 1106 uo

1359 1125 1417 1161 bis
1441 1124 1528 1160 dico
1548 1124 1585 1160 in
1606 1135 1682 1172 qua
1705 1129 1857 1173 potesta

1361 1185 1396 1215 te
1416 1177 1509 1214 haec
1529 1178 1628 1215 facio

1360 1231 1386 1251 ‘²⁸
1396 1231 1500 1277 Quid
1510 1239 1635 1268 autem
1645 1231 1756 1267 uobis
1770 1230 1857 1267 uide

1362 1292 1420 1322 tur
1440 1285 1558 1322 homo
1578 1284 1733 1334 quidam
1755 1284 1804 1321 ha

1362 1340 1477 1376 bebat
1497 1338 1593 1376 duos
1614 1339 1712 1374 filius
1732 1344 1769 1374 et
1789 1337 1837 1374 ad

1362 1392 1502 1429 cedens
1523 1392 1571 1428 ad
1592 1393 1757 1441 primum
1778 1392 1830 1428 ait

1362 1446 1413 1483 fili
1433 1446 1530 1483 uade
1551 1446 1664 1483 hodie
1685 1457 1803 1494 opera

1361 1500 1390 1536 ri
1403 1501 1441 1536 in
1454 1499 1726 1536 uincam-²⁹ille
1741 1504 1856 1536 aute*

1362 1553 1570 1603 respondes
1590 1554 1681 1591 nolo

1363 1694 1503 1731 Postea
1522 1705 1615 1730 uero
1636 1693 1790 1742 penite*

1363 1749 1414 1786 tia
1431 1755 1560 1786 motus
1581 1748 1670 1785 abiit
1690 1748 1728 1784 in
1747 1747 1787 1784 ui

1363 1814 1476 1839 neam

1363 1855 1572 1893 ³⁰Accessit
1584 1860 1709 1893 autem
1727 1854 1775 1892 ad
1787 1854 1860 1892 alte

1363 1922 1447 1946 rum
1469 1918 1504 1946 et
1524 1909 1617 1946 dixit
1637 1909 1805 1946 similiter

1364 1964 1427 2000 Ad
1447 1963 1505 2000 ille
1527 1963 1738 2012 respondes
1758 1963 1810 1999 ait

1363 2029 1410 2055 eo
1431 2017 1517 2054 dfiie
1589 2022 1627 2053 et
1646 2029 1726 2053 non
1746 2016 1862 2053 habiit

1365 2072 1390 2092 3¹
1399 2072 1484 2121 quis
1503 2083 1550 2107 ex
1572 2070 1723 2108 duobus
1743 2069 1831 2108 fecit

1364 2125 1604 2163 uoluntatem
1625 2125 1742 2173 patris

1365 2179 1496 2216 dicunt
1514 2179 1548 2216 ei
1569 2178 1802 2215 nouissimus

1365 2232 1466 2271 Dicit
1487 2232 1557 2270 illis
1576 2232 1634 2269 ihs
1668 2243 1782 2269 amen

1756 2283 1864 2338 [dico

1364 2340 1477 2378 uobis
1497 2339 1603 2389 quod
1622 2340 1774 2377 meretri

1366 2395 1419 2432 cis
1439 2401 1476 2431 et
1496 2393 1691 2443 publicani
1710 2406 1824 2443 prece

1366 2448 1456 2485 dent
1475 2459 1545 2485 uos
1564 2447 1603 2484 in
1623 2460 1742 2496 regno
1762 2447 1802 2485 di

1366 2501 1519 2539 82Uenit
1539 2502 1641 2538 enirn
1665 2502 1714 2538 ad
1735 2513 1807 2539 uos
1827 2501 1865 2539 io

1365 2555 1505 2593 hannis
1527 2556 1564 2592 in
1585 2553 1663 2593 uita
1682 2556 1846 2593 iustitiae

1559 2608 1593 2639 di

1366 2659 1402 2690 et
1422 2664 1501 2690 non
1521 2652 1692 2690 credistis
1713 2652 1748 2689 ei

1369 2706 1566 2744 Publicani
1586 2713 1714 2743 autem
1735 2712 1770 2743 et
1790 2717 1853 2742 me

1370 2760 1520 2798 retrices
1540 2760 1791 2798 credederunt
1812 2760 1846 2797 ei

1369 2814 1453 2852 Uos
1473 2821 1600 2851 autern
1621 2814 1796 2851 uidentes

1370 2880 1440 2906 nec
1460 2868 1708 2917 penitentiam
1728 2867 1778 2905 ha

1370 2922 1503 2959 buistis
1523 2934 1595 2971 pos
1616 2922 1720 2972 quod
1741 2934 1820 2960 non

1371 2975 1590 3014 crededistis
1800 2973 1869 3027 [au

1371 3030 1491 3067 LX11³³
1503 3030 1633 3068 Aliam
1645 3030 1869 3080 parabolam

2328 198 2371 223 11

1884 316 1973 353 Dite
1993 316 2111 354 homo
2131 322 2211 354 erat
2231 323 2338 366 pater

1883 369 2043 407 familias
2085 370 2149 419 qui
2169 370 2298 419 planta

1883 423 1937 461 uit
1956 424 2110 461 uineam
2129 430 2166 461 et
2185 436 2274 472 sepe
2295 424 2349 462 cir

1885 478 2076 516 cumdedit
2095 478 2130 516 ei
2149 485 2186 514 et
2210 477 2305 515 fodit

1884 532 1924 590 in
1944 544 1989 569 ea
2009 532 2171 569 torcular
2209 538 2246 569 et
2265 531 2326 569 edi

1904 593 1916 614 1

1886 627 2026 665 facauit
2046 635 2186 665 turrem
2207 635 2242 666 et
2261 627 2300 666 lo

1887 682 1988 719 cauit
2009 694 2092 718 eam
2113 682 2258 719 colonis
2278 688 2315 719 et

1888 735 2039 784 pelegre
2060 735 2252 784 profectus
2272 741 2329 772 est

1887 789 1916 809 ³⁴
1925 788 2024 826 Cum
2045 795 2172 826 autern
2193 797 2344 837 tempus

1887 842 2079 880 fructuum
2098 843 2287 891 adpropin

1889 903 2042 946 quasset
2062 896 2164 934 misit
2184 908 2316 933 seruus

1889 950 1939 987 ad
1958 951 2117 988 colonos
2136 957 2177 987 ut
2197 951 2332 998 adcipe

1889 1010 1945 1041 ret
1963 1004 2010 1041 de
2030 1003 2213 1041 fructibus
2233 1004 2310 1041 suis

1890 1058 2051 1095 ³⁵coloni
2072 1065 2198 1095 autem
2220 1057 2337 1107 adpre

1889 1112 1989 1149 ensis
2010 1113 2128 1149 seruis
2149 1124 2267 1148 unum
2287 1123 2331 1148 ce

1890 1166 2064 1203 ciderunt
2084 1166 2197 1202 alium
2217 1176 2311 1202 uero

1891 1219 2154 1268 lapidauerunt
2174 1219 2292 1256 alium

1891 1285 1984 1310 uero
2003 1273 2228 1310 occiderunt

1892 1327 2068 1364 ³⁶1terum
2088 1326 2189 1363 misit
2210 1326 2305 1363 alios
2328 1337 2389 1363 ser

1891 1392 1962 1418 uus
1982 1380 2108 1429 plures
2128 1380 2316 1429 prioribus

1893 1442 1929 1472 et
1949 1434 2117 1472 fecerunt
2138 1434 2208 1471 illis
2229 1434 2316 1472 simi

1892 1489 1974 1526 liter
1993 1488 2235 1525 ³⁷n0uissime
2256 1499 2304 1524 au

1893 1549 1970 1580 tem
1989 1542 2090 1579 misit
2109 1541 2180 1578 illis
2200 1541 2320 1578 filium

1893 1608 2006 1634 suum
2025 1596 2183 1633 unicum
2204 1595 2336 1633 dicens

1892 1691 2082 1730 Forsitam
2103 1691 2334 1729 uerebuntur

1893 1746 2011 1783 filium
2031 1757 2162 1782 meum

1893 1799 1920 1820 ³⁸
1929 1799 2066 1837 Coloni
2080 1806 2207 1836 autem
2220 1797 2393 1836 uidentes

1894 1853 2013 1891 filium
2032 1853 2111 1890 eius
2131 1853 2304 1890 dixerunt

1897 1908 1994 1945 intra
2015 1919 2053 1944 se
2073 1907 2132 1943 hic
2153 1912 2209 1943 est
2227 1906 2338 1943 heres

1896 1961 2024 1998 uenite
2046 1960 2266 1998 occidamus
2286 1966 2362 1996 eu*

1898 2022 1934 2053 et
1954 2015 2141 2052 habemus
2161 2013 2331 2051 heredita

1897 2076 1974 2106 tem
1995 2069 2076 2106 eius

1898 2123 1982 2160 ³⁹Et
2002 2121 2283 2171 adprehensum
2306 2132 2397 2158 eum

1898 2176 2121 2215 occiderunt
2141 2182 2177 2212 et
2197 2175 2299 2213 eiece

1897 2237 1984 2267 runt
2003 2241 2091 2267 eum
2111 2237 2217 2266 extra
2235 2229 2376 2265 uinea-

1899 2285 1927 2305 40
1935 2284 2035 2322 Cum
2049 2295 2140 2332 ergo
2154 2282 2299 2320 uenerit
2311 2282 2397 2320 dffis

1899 2339 2033 2375 uineae
2055 2337 2145 2386 quid
2166 2337 2276 2374 saciet
2296 2336 2383 2374 colo

1899 2393 1958 2429 nis
1978 2392 2048 2429 illis

1899 2446 2080 2483 ⁴1Dicunt
2109 2444 2161 2481 illi
2189 2444 2289 2482 male
2312 2455 2399 2493 per-

2291 2495 2401 2549 [dent

1900 2566 1967 2592 eos
1987 2559 2024 2591 et
2044 2553 2196 2590 uineam
2216 2551 2356 2590 locabit

1900 2608 1971 2645 illis
1992 2607 2139 2645 colonis
2160 2606 2226 2656 qui
2250 2606 2398 2644 redda-

1901 2662 2043 2700 fructus
2064 2660 2301 2710 temporibus

1901 2717 1978 2754 suis

1902 2768 2402 2817 ⁴²Dicitillisihsnumquam

1902 2824 2045 2873 legistis
2065 2824 2104 2860 in
2124 2823 2318 2872 scripturis

1957 2877 2125 2927 lapidem
2146 2889 2261 2926 quem
2279 2889 2318 2914 re

1957 2932 2219 2982 probaberunt
2239 2943 2283 2968 ae

1959 2985 2157 3024 dificantes
2176 2984 2236 3023 hic
2256 2990 2313 3022 est
