2504 3382
163 204 209 238 14

162 279 244 309 Fol.
263 278 319 310 27.

164 321 299 359 Cidisti
320 320 357 357 in
377 319 563 367 templum
584 323 623 356 et

163 376 261 412 inter
279 374 392 411 altare
447 373 594 410 363111011

163 429 248 466 dico
269 428 380 465 uobis
399 427 526 464 ueniet
545 426 641 463 haec

162 482 292 520 omnia
313 492 427 529 super
445 492 586 529 genera

162 536 308 572 tionem
328 535 437 570 istam

161 598 271 625 LXUJI
281 587 545 624 ³⁷sz>rusalem
553 587 660 624 hieru

162 642 279 679 salem
300 653 398 690 quae
417 641 559 678 occidis

161 695 367 744 prophetas
389 701 425 732 et
445 694 591 743 lapidas

161 761 228 786 eos
248 749 314 798 qui
334 749 382 786 ad
396 756 432 785 te
447 749 552 785 missi
572 754 660 786 sunt

162 804 340 852 quotiens
359 802 464 839 uolui
484 814 560 839 con

161 868 318 905 gregare
339 856 434 893 filios
454 862 540 894 tuos

162 910 491 960 quemadmodum
511 908 575 957 gal

159 964 236 1001 lina
256 975 496 1012 congregans
515 962 578 1011 pul

161 1018 241 1055 lum
262 1029 352 1054 suos
372 1018 444 1054 sub
465 1016 532 1053 alis
553 1016 630 1052 suis

165 1071 232 1108 sed
252 1071 426 1108 noluistis
447 1069 570 1107 38ecce
590 1081 631 1106 re

164 1125 346 1173 linquitur
365 1124 477 1161 uobis
499 1123 550 1160 do

161 1191 247 1216 mus
266 1186 392 1215 uestra
482 1176 604 1214 ³⁹dic0

162 1239 289 1269 autern
309 1231 420 1269 uobis
441 1231 531 1280 quia

162 1299 240 1324 non
261 1298 322 1323 me
341 1285 516 1322 uidebitis
535 1296 558 1321 a

161 1339 279 1377 modo
299 1339 421 1376 donec
442 1338 572 1375 dicatis

161 1393 386 1430 benedictus
408 1393 472 1441 qui
492 1392 594 1429 uenit

161 1448 200 1484 in
223 1447 380 1485 nornine
400 1446 478 1483 dffii

161 1510 290 1536 LXCHI
316 1509 352 1538 24
382 1499 459 1544 lEs
493 1511 660 1604 effrenus

544 1553 601 1589 7'72'8
620 1554 662 1590 de

107 1608 111 1612 ’
161 1608 306 1657 templo
326 1609 403 1645 ibat
423 1613 458 1644 et
479 1607 592 1644 adces

162 1694 300 1732 Serunt
320 1692 490 1741 discipuli
509 1692 591 1730 eius

160 1756 200 1785 ut
221 1747 464 1785 ostenderent
484 1747 518 1782 ei

159 1809 386 1839 structuram
406 1800 538 1848 templi

161 1855 269 1905 ²Ipse
278 1863 405 1892 autem
419 1852 657 1902 respondens

162 1910 254 1946 dixit
274 1909 344 1945 illis
365 1908 499 1945 uidetis
520 1908 615 1944 11300

161 1964 292 2000 omnia
346 1974 459 1999 amen
483 1962 569 1999 dico

161 2017 271 2054 uobis
290 2028 370 2053 non
391 2016 559 2064 relinque

162 2078 223 2108 tur
242 2070 303 2108 hic
324 2070 420 2118 lapis
441 2081 555 2117 super
573 2068 610 2105 la

161 2123 289 2173 pidem
309 2124 374 2173 qui
392 2135 472 2160 non
493 2123 560 2160 des

160 2184 307 2215 truatur

162 2231 346 2269 ²³Sedente
366 2236 494 2267 autem
514 2230 600 2278 ipso

162 2298 274 2334 super
293 2291 464 2322 montem
487 2283 536 2320 oli

161 2339 237 2376 ueti
293 2344 538 2376 accesserunt

162 2393 211 2430 ad
232 2404 319 2430 eum
340 2391 516 2440 discipuli
537 2403 577 2429 se

163 2454 267 2483 creto
288 2446 458 2483 dicentes
477 2445 537 2482 dic

162 2500 272 2537 nobis
294 2499 448 2550 quando
468 2499 563 2537 haec

160 2560 269 2590 erunt

162 2606 212 2643 Et
231 2606 335 2656 quod
355 2606 507 2654 signum
527 2606 576 2644 ad

163 2666 298 2697 uentus
317 2660 369 2696 tui
388 2667 424 2696 et
443 2672 518 2697 con

161 2714 436 2751 summationes
457 2725 496 2751 se

161 2767 238 2804 culi

161 2820 233 2858 4Et
252 2818 488 2869 respondens
507 2819 564 2857 ihs
584 2820 622 2857 di

162 2875 218 2911 xit
238 2874 309 2911 illis
329 2873 454 2910 uidete
474 2885 522 2910 ne
543 2875 629 2923 quis

162 2939 234 2966 uos
254 2926 409 2966 seducat
428 2926 504 2965 ullo
524 2939 590 2965 mo

401 188 515 226 EUA
523 186 810 226 NGELJUM
843 185 952 224 SEC

693 317 757 355 Do
777 316 905 354 5multi
926 316 1029 354 enim
1047 314 1138 353 ueni

693 378 757 409 ent
777 371 816 407 in
837 371 993 408 nomine
1012 382 1101 408 meo

694 425 863 462 dicentes
883 436 957 473 ego
977 436 1062 461 sum

694 482 768 527 xps
788 485 825 515 et
844 479 984 515 multus
1005 478 1099 516 sedu

695 539 782 569 cent

691 586 945 624 ⁶Audientem
966 586 1110 635 proelia

694 647 730 677 et
750 641 954 688 opiniones
974 640 1120 689 proelio

693 706 778 730 rum
798 694 921 731 uidete
942 707 989 731 ne
1009 701 1068 731 tur

693 748 836 785 bemini
855 755 1005 796 oportet
1023 748 1113 785 eni-

693 801 788 838 haec
809 802 886 838 fieri
907 802 974 840 sed
993 801 1158 839 nondu-

694 861 751 892 est
771 855 854 893 finis

694 909 894 957 ⁷Insurget
914 909 1015 946 enim
1036 920 1133 957 gens

694 969 830 999 contra
849 970 1002 1009 gentem
1023 969 1060 999 et

694 1028 855 1064 regnum
875 1023 1008 1053 contra
1027 1028 1094 1064 reg

693 1081 787 1106 num
808 1077 844 1106 et
863 1076 971 1106 erunt
992 1070 1102 1107 famis

694 1130 732 1160 et
751 1129 848 1159 terre
868 1131 996 1160 motus
1017 1135 1085 1172 per

692 1176 778 1215 loca
796 1176 911 1213 1111300
933 1184 1060 1214 autem

692 1231 823 1268 omnia
843 1231 949 1268 initia
970 1238 1057 1268 sunt

693 1284 869 1322 dolorum

693 1338 827 1375 ⁹Tunc
850 1338 1001 1375 tradent
1019 1350 1089 1376 uos
1109 1338 1148 1375 in

692 1392 975 1428 tribulationem
996 1399 1032 1429 et

694 1446 870 1483 occident
890 1458 961 1483 uos
983 1453 1019 1483 et
1039 1445 1093 1483 eri

694 1499 740 1536 tis
761 1500 850 1536 odio
870 1500 1050 1537 omnibus

694 1554 871 1602 gentibus
891 1561 1045 1603 propter

693 1704 836 1730 nomen
857 1705 987 1731 meum

693 1746 776 1784 1⁰Et
788 1754 878 1784 tunc
892 1747 1189 1785 scandalizabu-

692 1806 752 1837 tur
772 1801 879 1837 multi
899 1808 936 1838 et
956 1801 1080 1838 inuice

694 1867 733 1891 se
754 1855 904 1892 tradent
925 1861 961 1891 et
981 1855 1072 1892 odio

693 1908 887 1945 habebunt
909 1909 946 1945 in
967 1909 1125 1945 11111100-

693 1962 776 1999 ¹¹Et
796 1962 905 1999 multi
925 1963 1147 2011 pseudopro

694 2016 768 2053 sete
789 2017 983 2066 insurgent
1003 2022 1041 2054 et
1060 2028 1101 2054 se

695 2071 833 2107 ducent
853 2070 995 2107 multos
1015 2070 1084 2108 ¹²et

694 2125 878 2172 quoniam
899 2124 1107 2161 abundauit

693 2177 870 2226 iniquitas
891 2177 1098 2226 refrigiscet

694 2232 829 2268 caritas
849 2232 1056 2268 multorum

694 2284 808 2330 ¹³Qui
829 2293 956 2322 autem
976 2297 1137 2334 perman

694 2339 781 2375 serit
802 2351 922 2387 usque
942 2340 990 2376 ad
1011 2339 1128 2377 finem

693 2391 754 2429 hic
775 2392 901 2429 saluus
921 2393 989 2429 erit

693 2446 778 2483 1⁴Et
798 2446 1054 2495 predicabitur
1073 2446 1147 2485 hoc

693 2500 937 2548 euangelium
957 2500 1066 2548 regni

691 2554 731 2590 in
751 2555 929 2591 uniuerso
950 2555 1043 2591 orbe

692 2608 731 2645 in
751 2608 1007 2645 testimonium
1028 2619 1093 2645 om

693 2661 806 2699 nibus
827 2662 1007 2710 gentibus
1027 2669 1065 2699 et

693 2722 783 2753 tunc
804 2715 931 2753 ueniet
950 2726 1113 2753 consum

692 2770 810 2806 matio

692 2821 824 2859 ¹⁵Cum
846 2834 941 2870 ergo
960 2822 1134 2860 uideritis

693 2876 1019 2913 abominationem
1040 2877 1087 2914 de

693 2929 887 2967 solationis
906 2930 1010 2978 quod
1029 2930 1089 2969 dic

1539 184 1627 222 MA
1639 184 1677 222 T
1675 183 1752 221 TE
1755 183 1848 222 UM
1895 181 2022 237 [xxm.
2045 197 2217 231 35—xxrv.
2238 200 2290 233 37.

1261 273 1342 303 Pol.
1361 272 1420 302 28.

1262 316 1367 353 Tum
1387 321 1442 352 est
1464 327 1487 352 a
1506 314 1630 351 daniel
1649 326 1720 363 pro

1261 369 1376 418 pheta
1396 376 1499 405 stans
1519 369 1558 404 in
1578 368 1664 405 loco

1261 428 1328 460 500
1349 423 1413 471 qui
1433 422 1531 471 leget
1550 421 1677 459 intelle

1261 484 1324 524 gat

1261 530 1287 551 1⁶
1296 531 1409 567 Tunc
1421 529 1485 578 qui
1497 529 1535 565 in
1549 528 1660 566 iudea
1673 534 1759 565 sunt

1261 583 1406 633 fugiant
1426 584 1464 620 in
1484 583 1678 621 montibus

1262 637 1288 657 ¹⁷
1296 645 1332 675 et
1348 638 1412 686 qui
1428 638 1466 674 in
1481 643 1581 674 tecto
1597 648 1676 673 non
1693 635 1759 672 des

1262 693 1429 729 cendant
1513 690 1645 728 tollere
1666 689 1714 727 ali

1262 745 1354 794 quid
1374 745 1421 782 de
1442 744 1559 781 domo
1579 743 1648 781 ¹⁸et
1668 743 1732 792 qui

1262 800 1301 836 in
1321 811 1414 848 agro
1435 806 1520 836 sunt
1541 809 1619 834 non
1638 810 1678 835 re

1261 859 1431 890 uertatur
1450 852 1579 889 tollere
1598 858 1638 888 tu

1262 907 1388 943 nicam
1408 917 1516 943 suam

1261 960 1288 980 ¹⁹
1298 960 1379 997 Uae
1395 968 1520 997 autem
1534 958 1761 1008 pelegrina-

1261 1015 1363 1051 tibus
1383 1021 1419 1051 et
1439 1014 1692 1050 nutrientibus

1263 1069 1301 1104 in
1322 1068 1396 1104 illis
1417 1067 1553 1104 diebus

1262 1121 1414 1159 ²⁰Orate
1434 1128 1562 1158 autem
1582 1127 1623 1157 ut
1644 1132 1725 1157 non

1261 1176 1326 1212 fiat
1345 1175 1436 1223 fuga
1455 1182 1580 1212 uestra
1601 1174 1662 1212 hie

1262 1241 1324 1266 me
1343 1229 1403 1266 uel
1423 1230 1582 1267 sabbato

1262 1283 1378 1320 21Erit
1398 1284 1500 1320 enim
1520 1282 1711 1319 tribulatio

1263 1349 1404 1385 magna
1424 1336 1543 1385 qualis
1563 1348 1641 1373 non
1661 1336 1701 1372 fu

1263 1390 1289 1426 it
1309 1392 1357 1427 ab
1377 1391 1482 1427 initio
1504 1391 1619 1427 seculi
1639 1402 1684 1426 us

1292 1457 1338 1481 ue
1359 1444 1478 1480 modo
1498 1456 1544 1480 ne
1577 1456 1622 1480 ue
1644 1443 1690 1480 fie

1263 1450 1761 1534 192Ε(1115111100131111015510111ν

1263 1551 1341 1588 dies
1361 1551 1413 1588 illi
1433 1563 1512 1588 non
1533 1550 1638 1588 fieret

1263 1692 1376 1729 Salua
1397 1692 1522 1728 omnis
1542 1703 1632 1728 caro

1263 1746 1331 1783 sed
1352 1755 1506 1795 propter
1527 1746 1671 1783 electos

1262 1800 1537 1837 breuiabuntur
1557 1800 1637 1837 dies

1263 1854 1314 1890 illi

1263 1909 1291 1929 ²³
1299 1908 1411 1945 Tunc
1420 1908 1449 1945 51
1460 1908 1544 1957 quis
1552 1907 1663 1945 uobis
1674 1907 1762 1945 dixe

1262 1963 1308 1999 rit
1321 1974 1409 1999 ecce
1421 1961 1482 1999 hic
1495 1965 1568 2010 xps
1582 1962 1651 1998 24et
1665 1973 1762 2011 pseu

1262 2015 1483 2065 doprofetae
1504 2023 1540 2053 et
1560 2015 1706 2053 dabunt

1262 2070 1372 2119 signa
1391 2081 1534 2119 magna
1552 2075 1589 2107 et
1610 2081 1680 2118 pro

1262 2124 1365 2172 digia
1385 2124 1436 2160 ita
1456 2131 1495 2160 ut
1517 2124 1554 2160 in
1575 2135 1662 2161 erro

1262 2190 1344 2215 rem
1364 2177 1594 2215 inducantur

1261 2232 1290 2269 51
1312 2231 1391 2268 fieri
1412 2238 1537 2279 potest
1556 2231 1670 2269 etiam

1260 2285 1371 2322 electi
1390 2283 1515 2323 ²⁵ecce
1536 2285 1685 2335 predixi

1259 2340 1371 2376 uobis

1259 2394 1286 2414 ²⁶
1296 2392 1333 2429 Si
1354 2399 1480 2430 autem
1503 2392 1664 2430 dixerint
1683 2405 1735 2431 uo

1260 2447 1319 2484 bis
1339 2459 1429 2484 ecce
1450 2447 1488 2483 in
1509 2446 1661 2485 deserto

1260 2508 1318 2538 est
1337 2500 1452 2537 nolite
1473 2502 1574 2538 exire
1596 2507 1661 2538 aut

1261 2567 1352 2592 ecce
1373 2555 1411 2590 in
1431 2555 1687 2604 penetralibus

1261 2608 1378 2645 nolite
1399 2608 1552 2646 credere

1259 2661 1395 2699 ²⁷Sicut
1415 2663 1517 2699 enim
1538 2662 1664 2712 fulgur
1683 2675 1704 2700 e

1260 2716 1313 2753 xit
1333 2717 1383 2753 ab
1402 2717 1548 2754 oriente
1568 2724 1604 2754 et
1625 2716 1674 2754 ad

1262 2776 1368 2818 paret
1387 2782 1509 2820 usque
1528 2771 1567 2807 in
1587 2783 1639 2808 no

1260 2830 1369 2861 cente
1390 2824 1440 2860 ita
1459 2825 1527 2862 erit
1548 2830 1585 2862 et
1604 2823 1654 2861 ad

1259 2885 1375 2914 uentu
1395 2877 1445 2914 fili
1463 2878 1630 2915 hominis

1258 2930 1538 2982 ²⁸Ubicumque
1559 2931 1659 2970 enirn

1790 313 1920 352 Fuerit
1939 327 2080 365 corpus
2100 315 2187 354 illuc
2210 322 2291 354 co·-

1790 369 2050 417 gregabuntur
2070 369 2159 419 aqui

1789 421 1848 458 lae
2171 420 2292 475 [tribu

1791 474 1964 513 2⁹Statim
2019 483 2148 514 autem
2203 483 2292 525 post

1792 528 1977 566 lationem
1999 529 2146 567 dierum
2165 530 2191 567 il

1793 582 1915 619 lorum
1936 583 1993 620 sol
2013 584 2179 621 obscura

1792 636 1892 673 bitur
1911 643 1948 673 et
1967 637 2056 674 luna
2075 649 2154 674 non
2174 637 2224 675 da

1793 690 1846 726 bit
1865 690 1994 727 lumen
2015 702 2127 727 suum
2147 698 2184 728 et

1793 742 1922 780 stellae
1941 743 2079 780 cadent
2098 744 2144 780 de
2164 744 2249 781 celo

1794 803 1830 834 et
1849 797 2004 834 uirtutes
2025 797 2220 834 caelorum

1794 851 2051 888 mouebuntur
2070 858 2107 888 et
2125 857 2218 888 tunc

1793 905 1938 954 parebit
1958 905 2111 953 signum
2129 904 2181 941 fili
2201 904 2253 942 ho

1794 958 1909 995 minis
1929 959 1967 995 in
1988 958 2095 996 03010

1795 1012 1879 1049 ³⁰Et
1888 1020 1977 1050 tunc
1987 1012 2169 1061 plangent
2178 1024 2218 1049 se
2226 1023 2293 1050 om

1795 1078 1864 1103 nes
1884 1067 2002 1103 tribus
2023 1074 2142 1103 terrae
2163 1073 2200 1104 et

1794 1120 1980 1157 uidebunt
1999 1120 2117 1157 filium
2137 1120 2188 1157 ho

1794 1175 1909 1211 minis
1927 1175 2146 1211 uenientem
2167 1174 2207 1210 in

1794 1228 1960 1265 nubibus
1982 1228 2075 1265 caeli
2096 1240 2183 1265 cum

1794 1283 1930 1319 uirtute
1951 1282 2068 1319 multa
2088 1289 2124 1320 et
2144 1293 2209 1319 ma

1795 1336 1925 1373 iestate

1795 1388 1879 1426 ³¹Et
1893 1389 2013 1426 mittet
2029 1389 2189 1438 angelos
2204 1401 2294 1427 suos

1795 1455 1884 1480 cum
1906 1444 1998 1480 tuba
2018 1450 2054 1480 et
2074 1455 2172 1481 uoce

1796 1508 1939 1544 magna
1958 1504 1993 1533 et
2013 1509 2209 1545 congrega

1795 1551 1889 1587 bunt
1909 1550 2028 1587 eletos
2048 1551 2127 1587 eius
2148 1563 2169 1587 a
2190 1556 2281 1600 quat

1797 1691 1908 1729 Tuor
1926 1692 2053 1729 uentis
2073 1704 2095 1729 a
2115 1691 2276 1729 summis

1797 1746 1990 1783 caelorum
2011 1758 2131 1795 usque
2152 1746 2201 1783 ad

1797 1807 1978 1837 terminos
1999 1812 2133 1837 eorum

1796 1853 1867 1890 132Α
1881 1854 1941 1891 fici
1954 1861 2079 1891 autem
2089 1854 2222 1891 arbore
2236 1853 2295 1891 dis

1798 1908 1869 1945 cite
1893 1907 2116 1957 parabolam
2137 1907 2227 1944 intel

1796 1961 1908 2009 legite
1978 1973 2066 1999 curn
2079 1961 2155 1998 iam
2167 1972 2294 1999 ramus

1796 2015 1876 2053 eius
1896 2022 2001 2052 tener
2019 2015 2129 2052 fuerit
2148 2022 2184 2052 et
2204 2014 2243 2052 fo

1796 2069 1844 2106 lia
1865 2076 2071 2106 nascuntur
2091 2069 2192 2106 scitis

1796 2124 1886 2172 quia
1904 2136 2023 2173 prope
2043 2130 2100 2160 est
2120 2129 2243 2160 aestas

1796 2177 1884 2214 ³³ita
1904 2184 1941 2214 et
1960 2189 2030 2214 uos
2054 2189 2142 2214 cum
2162 2176 2283 2214 uideri

1796 2231 1843 2268 tis
1863 2230 1958 2268 haec
1977 2231 2107 2268 omnia
2123 2231 2257 2268 scitote

1797 2285 1886 2333 quia
1898 2297 2016 2334 prope
2025 2292 2082 2322 est
2095 2285 2133 2321 in
2145 2284 2294 2321 ieiuniis

1795 2339 1958 2375 ³⁴Amen
1978 2339 2064 2376 dico
2080 2339 2190 2376 uobis
2206 2339 2296 2388 quia

1796 2404 1876 2430 non
1896 2393 2086 2441 preteriuit
2106 2392 2201 2429 haec

1795 2447 1988 2495 generatio
2009 2446 2132 2484 donec
2152 2446 2247 2484 haec

1795 2501 1926 2538 omnia
1944 2501 2038 2538 fiant

1794 2554 1993 2592 ³⁵Caelum
2012 2561 2048 2592 et
2067 2561 2166 2592 terra
2185 2561 2269 2592 tran

1793 2608 1921 2646 sibunt
1940 2609 2100 2646 uerbum
2119 2614 2234 2646 aute-

1795 2661 1869 2700 hoc
1888 2674 1969 2700 non
1988 2661 2181 2711 preteribit

1793 2716 1888 2754 ³⁶De
1917 2717 1979 2754 die
2008 2722 2136 2753 autem
2165 2714 2228 2752 illa
2256 2720 2296 2751 et

2183 2765 2295 2819 [hora

1792 2835 1908 2861 nemo
1928 2822 1997 2859 scit
2016 2834 2142 2871 neque
2161 2834 2212 2860 an

1791 2877 1865 2924 geli
1887 2876 2080 2913 caelorum
2099 2888 2228 2925 neque

1790 2930 1888 2967 filius
1908 2930 1980 2967 nisi
2001 2936 2106 2979 pater
2127 2930 2233 2967 solus

1789 2984 1817 3005 ²³⁷
1825 2983 1931 3022 Sicut
1950 2991 2080 3022 autem
2099 2984 2138 3022 in
2158 2984 2294 3022 diebus
