2504 3382
279 191 380 218 mv.
401 179 544 233 36-53·]
602 180 717 219 EUA
725 181 1015 221 NGELJUM
1036 184 1145 223 SEC

278 266 361 296 Pol.
378 267 452 296 151.

279 308 428 346 Cuntur
447 309 528 358 ipse
548 310 648 348 stetit

277 362 316 398 in
337 362 464 400 medio
483 375 615 401 eorum
636 364 747 402 3700-

278 416 494 465 turbatique
514 423 551 454 et
571 429 644 454 con

276 469 393 506 territi
413 470 614 508 existibant
635 483 675 509 se

277 525 364 571 spm
384 524 515 561 uidere

277 576 305 597 ³⁸
314 576 421 614 Dixit
440 584 566 614 autem
586 577 635 615 ad
656 579 739 617 illos

277 630 370 679 quid
390 632 526 668 turbati
546 632 637 669 estis
657 640 694 670 et

278 696 395 733 quare
417 685 666 734 cogitationes

276 737 531 776 ascenderunt
552 739 589 776 in
609 752 678 778 cor

276 791 323 828 de
344 799 470 830 uestro

275 844 448 883 ³⁹Uidete
469 857 558 883 ecce
579 858 715 884 manus

275 910 382 936 meas
402 906 439 936 et
457 899 575 948 pedes
595 911 703 938 meos

274 952 365 1001 quia
384 965 457 1001 ego
479 964 562 990 sum
582 954 663 1003 ipse

273 1005 425 1055 palpate
445 1013 481 1043 et
501 1007 626 1044 uidete
645 1019 721 1057 qua

274 1061 340 1108 sps
360 1072 513 1097 carnem
534 1068 570 1097 et
590 1073 678 1098 ossa

273 1124 352 1149 non
373 1112 486 1149 habet
507 1114 603 1151 sicut
624 1126 685 1152 me

274 1166 410 1203 uidetis
430 1166 570 1204 habere

272 1218 443 1256 ⁴¹Adhuc
465 1227 590 1257 autern
611 1232 689 1258 non

274 1273 517 1311 credentibus
538 1273 609 1311 illis
629 1280 666 1311 et

271 1327 496 1364 mirantibus
515 1339 581 1376 pre
602 1339 678 1376 gau

271 1380 334 1417 dio
355 1380 447 1417 dixit
466 1381 612 1418 habetis
633 1382 692 1419 hic

271 1433 415 1483 aliquid
434 1435 664 1472 manducare

270 1487 367 1524 ⁴²Ad
387 1488 437 1524 illi
458 1488 675 1537 optulerunt
695 1489 729 1526 ei

269 1547 416 1589 partem
436 1543 550 1591 piscis
570 1543 644 1580 assi
664 1549 702 1580 et

269 1626 418 1664 Fanum
440 1628 563 1665 mellis
583 1629 655 1666 ⁴³et

269 1681 508 1719 manducans
529 1689 647 1720 cora-

268 1734 361 1783 ipsis
381 1735 507 1773 ⁴4dixit
528 1736 576 1773 ad
596 1748 663 1774 eos

269 1788 380 1825 Haec
401 1796 488 1826 sunt
508 1791 625 1827 uerba
644 1802 718 1839 que

267 1841 416 1879 locutus
437 1855 521 1880 sum
542 1844 589 1880 ad
610 1856 681 1881 uos

267 1907 356 1933 cum
376 1896 499 1934 adhuc
520 1909 644 1934 essem

267 1950 467 1986 uobiscum
491 1951 662 2000 quonia-

267 2001 437 2040 Necesse
457 2011 515 2041 est
534 2005 636 2053 inple

266 2056 296 2093 ri
316 2057 446 2094 omnia
466 2070 540 2107 que
562 2059 660 2096 scrib

265 2116 304 2147 ta
323 2118 410 2148 sunt
431 2112 469 2148 in
489 2112 571 2161 lege
591 2124 682 2161 moy

266 2164 295 2200 si
316 2170 353 2201 et
372 2165 566 2214 prophetis
586 2173 622 2204 et
643 2166 725 2215 psal

264 2217 335 2254 mis
355 2218 402 2256 de
422 2230 484 2256 me

264 2271 412 2309 ⁴⁵Tunc
430 2273 575 2321 aperuit
595 2273 666 2312 illis
687 2282 755 2312 se‘

264 2336 349 2362 sum
369 2333 410 2362 ut
430 2327 606 2376 intellege

263 2385 346 2416 rent
367 2392 411 2416 ea
431 2392 527 2429 quae
549 2381 648 2419 scrib

261 2438 300 2469 ta
320 2439 407 2470 sunt

261 2485 346 2523 ⁴⁶Et
367 2486 461 2524 dixit
480 2487 533 2525 eis
553 2489 738 2538 quoniam

261 2539 292 2576 si
312 2540 493 2577 scribtum
513 2549 569 2579 est
589 2546 684 2591 xpm

259 2594 338 2642 pati
378 2601 414 2631 et
434 2606 628 2645 resurgere

259 2659 282 2684 a
302 2650 459 2685 mortuis
498 2649 567 2686 ⁴⁷et
587 2663 654 2699 pre

259 2699 385 2738 dicare
405 2702 444 2739 in
464 2704 620 2741 nomine

259 2754 340 2792 eius
360 2756 609 2804 penitentiam

259 2815 295 2846 et
315 2810 577 2848 remissionem
598 2824 670 2861 pec

259 2869 432 2901 catorum
451 2865 490 2902 in
510 2867 616 2903 omni

808 312 935 351 Gente

807 366 1083 416 Incipientibus
1105 370 1154 407 ab
1173 369 1234 407 hie

807 421 999 469 rosolyma
1019 423 1123 461 ⁴⁸uos
1144 435 1192 461 au

806 481 884 511 tem
905 476 1009 512 testis
1028 477 1116 514 estis
1135 475 1261 514 horu*

807 528 879 565 ⁴⁹et
900 541 973 577 ego
994 529 1101 567 mitto
1122 530 1267 578 promis

806 593 847 619 sa
866 583 981 630 patris
1001 583 1076 620 mei
1096 584 1135 620 in
1154 595 1225 621 uos

806 647 876 672 uos
897 643 1024 673 autem
1044 637 1172 674 sedete

805 688 866 726 hic
886 689 924 725 in
945 689 1137 727 ciuitatem
1157 702 1234 740 quo

805 742 977 791 adusque
997 743 1168 781 induami

806 796 844 832 ni
863 796 1037 833 uirtutem
1057 798 1106 834 ab
1127 798 1204 835 alto

805 849 982 887 ⁵⁰Eduxit
1002 857 1130 888 autern
1150 863 1238 889 eum

805 902 894 941 foris
913 905 951 940 in
973 905 1193 942 bethaniam

804 963 841 994 et
859 957 1013 995 eleuatis
1033 959 1209 997 manibus

805 1011 997 1048 benedixit
1016 1023 1083 1049 eos

803 1063 886 1101 ⁵¹Et
906 1064 1049 1102 facturn
1070 1072 1126 1103 est
1145 1078 1233 1104 cum

803 1118 990 1156 benedicit
1011 1119 1095 1157 illos
1115 1132 1154 1157 re

803 1172 915 1208 cessit
935 1172 983 1208 ab
1003 1173 1056 1209 eis

802 1224 886 1261 ⁵2Et
905 1225 978 1273 ipsi
998 1226 1159 1274 regressi
1180 1233 1268 1265 sunt

803 1278 841 1314 in
862 1277 1089 1316 hierusalem
1110 1287 1188 1316 cu-

801 1332 942 1380 gaudio
962 1344 1106 1381 magno
1127 1333 1198 1372 ⁵³et

800 1392 907 1423 erant
928 1398 1078 1435 semper
1098 1387 1137 1423 in

800 1439 944 1488 templo
964 1440 1163 1478 laudantes

798 1491 1198 1546 dm(<(<(‹(<

799 1652 808 1661 ·
867 1652 1029 1723 sm
1066 1653 1214 1725 m:
1272 1655 1280 1663 ·

875 2222 1209 2262 SECUNDUM

906 2330 1182 2370 MARCUM

794 2437 816 2465 l
958 2439 980 2467 Ι
1097 2457 1106 2471 ι

798 2466 815 2486 x
963 2469 978 2489 x
1102 2471 1117 2490 x

1738 189 1888 228 LUCA
1896 190 2035 229 NUM
2343 205 2387 245 77

1372 275 1451 304 1⁸01.
1469 276 1547 305 152.

1370 327 1390 353 I
1409 317 1466 354 Et
1481 323 1564 355 erat
1579 320 1751 357 iohannis
1773 320 1843 369 bap

1369 371 1488 408 tizans
1509 372 1588 409 ihm
1608 380 1644 409 et
1664 374 1768 410 uenit

1370 436 1484 473 super
1502 437 1589 462 eum
1612 430 1676 474 sps
1695 426 1734 463 di
1755 434 1792 464 et

1368 477 1436 515 fuit
1456 478 1513 516 ihs
1533 479 1571 516 in
1591 479 1739 518 deserto
1756 488 1862 531 temp

1370 537 1467 568 tatus

1368 594 1406 621 II
1425 584 1483 622 Et
1491 590 1682 634 poslquam
1703 589 1811 625 tradi

1369 645 1429 676 tus
1448 645 1505 676 est
1524 639 1701 677 iohannis
1721 653 1789 689 pre

1368 692 1507 729 dicauit
1526 693 1583 730 ihs
1604 698 1640 730 et
1660 706 1758 732 uoca

1367 746 1422 782 uit
1441 746 1649 795 discipulos
1669 754 1705 784 et
1725 747 1776 785 ho

1367 800 1511 837 minem
1532 801 1580 837 ab
1601 804 1672 850 spu
1692 802 1830 839 inmu-

1368 853 1418 890 do
1439 854 1585 891 curauit

1367 916 1423 942 III
1444 906 1600 944 Socrum
1614 910 1718 956 petri
1716 908 1830 958 fibri

1367 961 1438 998 bus
1459 961 1632 999 liberauit
1651 968 1688 999 et
1707 975 1783 1012 que

1368 1014 1500 1051 rebant
1519 1027 1606 1052 eum
1628 1017 1761 1054 turbae

1368 1074 1407 1104 ut
1427 1068 1664 1107 saluarentur

1366 1131 1440 1158 IIII
1448 1121 1491 1157 E
1489 1127 1506 1158 l
1514 1124 1668 1171 rogauit
1677 1123 1750 1160 ihm
1763 1125 1860 1172 lepro

1367 1187 1432 1212 sus
1451 1183 1486 1212 et
1506 1177 1706 1214 mundauit
1726 1184 1802 1214 eu-

1370 1238 1394 1264 U
1411 1228 1469 1265 Et
1483 1243 1623 1267 sanans
1633 1232 1810 1279 parahlli

1366 1294 1454 1319 cum
1475 1283 1570 1320 dixit
1589 1285 1622 1321 ei
1643 1285 1732 1322 tolle

1365 1343 1566 1385 grauatum
1585 1344 1694 1375 tuum
1714 1345 1751 1376 et

1365 1390 1518 1427 ambula
1557 1398 1594 1429 et
1613 1392 1772 1430 iacobus

1365 1451 1514 1481 secutus
1534 1451 1591 1482 est
1611 1445 1690 1482 ihm

1368 1506 1406 1533 ΠΙ
1425 1496 1515 1535 Non
1534 1503 1587 1535 esi
1603 1506 1690 1548 opus
1708 1501 1812 1537 samis·

1364 1551 1534 1589 medicus
1554 1553 1621 1589 sed
1641 1554 1741 1590 male

1362 1635 1589 1675 habentibus
1609 1644 1646 1676 et
1665 1643 1750 1677 no*

1362 1698 1524 1739 possunt
1543 1692 1712 1730 ieiunare

1361 1744 1411 1781 fili
1432 1746 1564 1793 sponsi
1584 1758 1727 1795 sponso

1360 1805 1537 1846 presente

1363 1861 1420 1887 [Ἦ
1436 1851 1628 1901 Discipuli
1643 1855 1804 1892 uellenles

1359 1906 1485 1953 spicas
1505 1908 1672 1945 sabbatis
1692 1916 1788 1946 ma*

1359 1958 1552 1997 ducabant

1363 2022 1437 2049 UIII
1453 2012 1503 2049 In
1522 2027 1746 2064 synagogam
1765 2016 1811 2053 ho

1358 2066 1501 2104 minem
1521 2067 1720 2106 habente-⁸

1357 2130 1516 2158 manum
1537 2121 1680 2160 aridam
1703 2136 1744 2161 sa

1357 2174 1461 2211 nauit

1360 2237 1453 2263 UIIII
1468 2227 1526 2265 Et
1541 2241 1622 2266 cum
1643 2230 1774 2268 multos
1792 2232 1832 2268 z'n

1355 2280 1487 2320 firmos
1508 2283 1668 2320 saluabit

1355 2335 1551 2383 apostolos
1571 2337 1732 2375 nomina

1354 2389 1421 2425 tim
1441 2390 1594 2428 uocauit

1355 2451 1384 2477 X
1407 2441 1521 2480 Omne
1539 2457 1692 2493 regnum
1712 2447 1765 2483 ad

1354 2508 1485 2534 uersus
1506 2510 1546 2535 se
1567 2499 1721 2536 diuisu-

1354 2562 1434 2587 non
1454 2552 1566 2588 stabit
1586 2560 1623 2589 et
1642 2553 1708 2602 qui
1728 2553 1766 2590 di

1353 2604 1448 2640 xerit
1468 2605 1507 2641 in
1527 2608 1600 2653 spu
1619 2611 1686 2644 sco
1705 2613 1789 2644 no-

1353 2657 1564 2696 remittetur
1582 2659 1616 2696 ei
1635 2667 1672 2697 et
1691 2660 1730 2697 hi

1354 2717 1442 2748 sunt
1462 2711 1592 2750 fratres
1612 2714 1687 2751 mei

1354 2765 1419 2813 qui
1440 2765 1582 2803 faciunt
1601 2767 1720 2805 uolun

1353 2825 1471 2856 tatem
1489 2820 1605 2869 patris
1625 2822 1700 2858 mei

1354 2881 1399 2907 XI
1418 2873 1461 2910 E
1459 2886 1514 2911 cce
1531 2876 1629 2912 exiit
1644 2877 1713 2924 qui
1727 2878 1820 2914 semi

1900 318 1978 357 Nat
1998 321 2188 360 seminare
2208 330 2246 360 et

1898 373 1990 410 dum
2011 376 2174 414 seminat
2192 382 2229 414 et
2249 389 2292 415 ce

1896 433 1976 465 tera

1898 490 1963 516 XII
1979 481 2099 519 Homo
2119 484 2222 520 nu‘sz’t
2236 491 2354 522 seme*

1896 542 1933 571 et
1952 547 2039 571 cum
2059 536 2200 574 dormit
2221 539 2282 575 exi

1896 588 1923 624 it
1943 600 2073 626 semen
2093 597 2129 627 et
2149 591 2237 629 fecit

1898 642 2045 689 spicam
2064 649 2100 680 et
2120 645 2221 682 misit
2239 646 2289 684 fal

1897 706 1983 732 cern

1898 757 1981 784 XIII
1990 747 2046 785 Et
2055 750 2236 789 dormiens
2248 754 2287 789 in
2300 754 2396 791 naui

1897 801 2024 839 culam
2043 802 2100 840 ihs
2119 804 2221 842 facta
2240 812 2308 843 te-

1896 862 2042 903 pestate
2062 858 2248 896 excitatus

1896 910 2092 958 conpescit
2112 918 2272 950 uentum

1895 968 1933 999 et
1952 975 2058 1000 mare

1896 1026 1997 1052 XIIII
2013 1017 2063 1054 In
2082 1020 2261 1067 regionem
2276 1033 2372 1069 gera

1895 1081 2075 1108 senorum
2095 1073 2283 1111 homine-

1896 1135 1918 1160 a
1937 1123 2128 1172 legionem
2149 1126 2263 1165 demo

1895 1177 2047 1214 niorum
2070 1180 2269 1218 mundauit

1896 1240 1949 1266 xv
1963 1230 2021 1268 Et
2037 1246 2117 1270 cum
2128 1235 2219 1280 filia
2229 1236 2366 1284 princi

1894 1285 1952 1334 pis
1971 1297 1993 1322 a
2013 1288 2173 1324 mortuis
2193 1289 2299 1326 salua

1895 1343 1950 1375 ret
1969 1345 2006 1376 et
2025 1340 2225 1378 mulierem

1894 1404 1916 1428 a
1935 1393 2127 1440 profluuio
2148 1396 2284 1444 sangui

1894 1446 1952 1482 nis
1973 1447 2133 1485 saluabit

1894 1509 1965 1538 XUI
1981 1500 2072 1538 Non
2091 1504 2331 1552 estpropbela

1893 1555 2075 1605 adceptus
2095 1556 2134 1593 in
2153 1557 2307 1605 patria-

1895 1643 2012 1681 Suam
2263 1642 2389 1697 [deci-¹

1893 1707 1981 1734 ΧῑΉ
1997 1697 2055 1734 Et
2070 1699 2173 1735 misit
2187 1698 2246 1736 ihs
2265 1700 2352 1737 duo-

1891 1751 2096 1800 discipulos
2117 1764 2208 1790 suos
2227 1759 2268 1790 ut

1889 1807 2128 1854 predicarent
2147 1812 2182 1844 et
2203 1818 2294 1844 cura

1888 1867 1972 1897 rent
1991 1859 2161 1897 infirmos

1890 1922 1997 1950 XUIII
2013 1913 2070 1951 Et
2085 1914 2231 1951 herodes
2250 1914 2384 1952 decolla

1888 1967 1942 2004 uit
1961 1966 2168 2005 iohannem
2187 1974 2224 2005 et
2243 1980 2291 2006 ue

1888 2027 2026 2058 nerunt
2046 2020 2094 2058 ad
2114 2021 2194 2058 ihm
2214 2021 2270 2059 dis

1887 2075 2001 2123 cipuli
2020 2081 2056 2112 et
2075 2075 2205 2112 refecit
2224 2087 2292 2113 eos

1888 2137 2012 2164 XUIIII
2027 2128 2088 2165 De
2105 2130 2260 2177 quinque
2272 2132 2382 2178 poni-

1886 2182 1924 2218 in
1945 2182 2115 2232 quinque
2137 2183 2241 2221 milia
2296 2181 2381 2236 [bus

1886 2235 2087 2273 hominum

1886 2298 1943 2325 xx
1965 2289 2304 2340 sz'superfluclus
2319 2304 2381 2329 ma

1885 2343 1934 2380 ris
1954 2344 2164 2381 ambulauit
2200 2345 2295 2381 etin

1884 2396 2016 2434 firmos
2036 2397 2186 2435 sanauit

1884 2459 1960 2486 XXI
1975 2450 2065 2488 Non
2085 2452 2168 2489 lotis
2186 2452 2355 2491 manibus

1882 2504 1994 2542 edere
2015 2517 2094 2542 non
2114 2505 2270 2556 coinqui

1882 2563 1975 2594 nant
1994 2557 2191 2596 hominem

1883 2620 1977 2647 XXII
1992 2610 2082 2648 Non
2096 2613 2179 2649 licet
2190 2613 2310 2650 tollere
2319 2621 2376 2663 pa

1882 2676 1971 2701 nem
1991 2665 2154 2703 filiorum
2172 2673 2210 2704 et
2229 2667 2299 2704 mit

1881 2725 1958 2755 tere
1978 2719 2118 2758 catellis
2137 2726 2174 2758 et
2192 2728 2288 2758 mu*

1881 2771 1984 2809 dauit
2003 2773 2168 2822 puellam
2188 2786 2210 2812 a
2229 2774 2279 2813 de

1881 2826 2016 2864 monio

1884 2888 1994 2916 xxm
2011 2881 2205 2920 Hominem
2220 2883 2375 2921 surdum
