2504 3382
175 195 223 240 78

170 279 251 309 Fol.
269 280 348 309 153.

168 321 219 358 Et
239 322 398 358 mudum
419 333 510 359 cura

168 376 224 412 uit
242 381 284 412 ut
303 375 446 412 audiret
465 383 501 413 et
521 375 559 412 lo

167 436 347 477 queretur
604 426 662 479 [in

169 491 299 517 XXIIII
315 481 374 518 De
398 487 523 530 seplcm
544 488 663 530 panes

167 542 346 584 quattuor
365 536 468 572 milia
487 535 538 572 ho

167 599 315 625 minum

167 651 252 677 XXU
268 640 400 678 Cauele
417 655 440 679 a
444 642 633 690 fermento

167 695 428 744 phariseorum
449 703 485 733 et
505 708 548 733 ce

167 761 233 787 cus
253 748 346 786 dixit
366 749 480 787 uideo
499 749 550 786 ho

165 804 288 840 mines
308 804 402 841 sicut
422 804 577 840 arbores

166 866 265 893 XXII
280 856 338 894 Et
355 858 460 894 dz'xz'l
482 856 540 893 ihs
559 869 660 904 quem

165 911 297 948 dicunt
316 910 491 948 homines
512 922 552 946 es
591 907 661 961 [me

166 976 206 1002 se
227 966 292 1014 qui
311 965 375 1001 uul
395 976 456 1001 me
478 964 584 1012 sequi

165 1018 272 1055 tollat
291 1029 444 1054 crucem
569 1015 661 1069 [su-

165 1080 282 1107 XXL'II
297 1071 355 1108 Et
379 1073 417 1107 z‘n
446 1074 559 1106 monle
587 1071 679 1119 uz'sz'⁴

165 1137 252 1162 cum
272 1125 349 1161 ihm
370 1136 524 1172 moyses
544 1130 581 1160 et

162 1178 280 1216 helias
525 1175 658 1228 [monio

164 1241 299 1268 XXIIII
331 1231 499 1268 Puerum
540 1244 564 1268 a
602 1232 657 1268 de-

164 1286 364 1323 mundauit
384 1297 498 1333 quem

164 1339 337 1388 discipuli
357 1339 476 1376 eicere
495 1343 580 1375 no-

164 1400 371 1442 potuerunt
599 1389 662 1443 [ui

164 1456 221 1482 XX
225 1455 316 1481 VIIII
325 1445 658 1483 Dzssruez'z'ohannes

163 1500 288 1537 dimus
307 1500 502 1548 quendam
522 1499 555 1536 ei

162 1554 325 1591 cientem
346 1553 525 1590 demonia

163 1639 239 1686 Qui
260 1651 340 1677 non
360 1640 526 1688 sequitur

161 1693 363 1730 nobiscum
401 1700 438 1730 et
458 1693 505 1730 de

161 1759 279 1784 manu
299 1754 335 1783 et
355 1746 451 1795 pede
472 1753 508 1783 et
527 1758 601 1784 ocu

160 1800 198 1837 lo
217 1800 386 1838 eruendo

162 1864 247 1890 XXX
263 1853 353 1891 Λόνι
373 1853 491 1891 debere
509 1854 618 1890 remit

161 1909 188 1945 ti
208 1920 366 1945 uxorem
387 1916 422 1945 et
443 1908 542 1945 susci

160 1974 251 2010 pere
272 1974 433 2011 regnum
453 1960 491 1997 di
511 1960 573 1998 uel

160 2022 202 2051 ut
221 2015 316 2052 infas
536 2014 655 2051 habe-

162 2079 267 2105 XXXI
288 2068 366 2114 Qui
369 2069 565 2116 pecuniam

163 2123 320 2160 difficele
341 2123 524 2158 intrabu-

162 2177 201 2213 in
222 2188 341 2225 regno
362 2176 542 2213 caeloru-

163 2239 285 2266 XXXII
302 2229 379 2275 Qui
389 2230 545 2266 uoluerit
557 2231 595 2266 in
611 2241 656 2266 uo

162 2285 220 2321 bis
240 2295 322 2320 esse
342 2284 487 2332 primus
506 2283 576 2321 erit

163 2338 336 2374 omnium
358 2349 488 2373 seruus

163 2401 303 2427 XXXIII
317 2389 502 2436 Quendam
515 2402 657 2427 caecum

162 2445 440 2482 marithimeam
460 2444 581 2481 sede-

163 2505 240 2536 tem
262 2510 369 2536 secus
389 2499 489 2535 uiam
511 2498 551 2534 in

163 2553 359 2590 luminauit
378 2552 436 2589 ihs
532 2549 659 2603 [super

165 2615 321 2642 XXXIIII
337 2605 519 2643 Sedenlem
540 2605 616 2642 ihm

163 2659 308 2707 pullum
328 2660 456 2697 asinae
476 2667 535 2696 tur

163 2713 236 2749 bae
255 2712 470 2750 clamabant
491 2725 535 2750 os

165 2777 287 2802 sanna

165 2828 277 2854 XXXU
296 2818 389 2856 Cum
410 2820 635 2857 malediceret

164 2872 224 2910 ihs
242 2873 417 2910 arborem
437 2873 531 2910 ficus

406 190 818 231 EUANGELIUM
838 190 947 229 SEC

696 319 747 357 Et
764 320 966 357 uindentes
985 319 1077 357 eicie

696 374 762 410 bat
782 374 829 410 de
849 373 992 421 templo

697 436 823 463 XXXCI
835 426 1067 475 Baplz'smum
1081 427 1192 463 [ohan

696 482 754 518 nis
776 481 822 518 de
843 481 950 518 caelo
970 481 1039 517 fuit
1059 493 1108 517 an

695 546 743 571 ex
764 533 984 571 hominibus
1075 532 1191 586 [Ionos

696 597 841 624 XXXL’II
856 587 917 624 De
937 590 1042 624 uinea
1061 592 1094 624 et
1110 600 1166 624 co-

695 642 761 690 qui
781 641 1001 679 occiderunt
1021 641 1068 678 he

695 695 825 732 redem
1089 691 1194 746 [sunt

696 757 858 784 XXXIIII
874 748 1030 785 Reddz'le
1048 761 1114 796 que
1133 748 1177 784 dz'

695 801 748 838 do
767 810 804 838 et
824 814 922 850 quae
944 802 1107 839 caesaris

694 855 837 891 caesari
1099 852 1189 905 [tres

695 918 875 943 XXXVIIII
891 907 951 944 De
964 912 1087 955 septem
1091 908 1188 957 fra·

694 973 758 1010 qui
778 973 895 998 unam
916 973 1078 998 uxorem

694 1015 908 1051 habuerunt
928 1022 964 1051 et
984 1015 1097 1063 dilige

692 1080 731 1105 re
752 1067 816 1104 dm
839 1077 875 1105 et
894 1069 1117 1117 proximum

694 1131 743 1157 XL
761 1121 818 1158 Et
829 1135 909 1158 cum
926 1124 1186 1170 z'nlerrogare‘

693 1176 740 1213 de
761 1179 853 1224 xpm
874 1176 980 1213 cuius
999 1176 1096 1212 filius

693 1230 739 1267 sit
759 1230 852 1266 dixit
872 1237 1003 1267 cauete
1024 1230 1072 1266 ab
1092 1230 1123 1266 is

691 1284 802 1320 cribis
1022 1281 1187 1335 [uidua-

692 1346 761 1372 XLI
776 1336 834 1373 Et
850 1337 1023 1373 laudauit
1039 1336 1097 1373 ihs

692 1402 766 1439 que
786 1390 941 1427 miserat
961 1391 1133 1439 quadra*

693 1452 768 1481 tem
790 1445 828 1480 in
848 1444 1112 1492 gazophilacio

691 1507 777 1533 XLII
792 1497 849 1534 Et
865 1511 944 1534 cum
966 1499 1098 1534 diceret
1115 1498 1155 1535 de

690 1551 835 1600 lapides
855 1552 986 1601 templi
1007 1552 1054 1589 de

693 1637 866 1686 Signauit
886 1638 1131 1676 nouissimu-

688 1698 840 1740 tempus

690 1754 795 1780 XLIII
811 1745 869 1782 Et
885 1746 1016 1782 mulier
1034 1746 1185 1794 quedam

690 1811 779 1836 cum
799 1799 1042 1847 perfunderet
1061 1799 1141 1836 ihm

688 1859 886 1901 unguento
907 1853 998 1890 abiit
1017 1853 1124 1890 iudas

689 1913 730 1943 ut
749 1907 910 1943 traderet
926 1919 1013 1944 eum
1035 1916 1071 1944 et
1091 1911 1187 1944 ma-

689 1960 844 1997 ducauit
863 1960 920 1997 ihs
941 1972 1028 1997 cum
1049 1961 1107 1998 dis

690 2014 824 2063 cipulis
846 2015 921 2051 suis
941 2014 1088 2063 pascha

690 2077 811 2103 XLIIII
827 2067 885 2105 Et
900 2068 1002 2105 dixit
1021 2067 1078 2104 z'fzs
1097 2067 1162 2104 hoc

1040 2119 1109 2174 [est
1125 2133 1187 2158 cor

689 2186 762 2223 pus
781 2187 910 2213 meum
932 2181 969 2212 et
989 2176 1144 2224 sanguis

690 2240 799 2266 meus
819 2230 885 2278 qui
904 2241 974 2278 pro
995 2229 1122 2266 multis

690 2282 904 2320 effundetur
1064 2280 1187 2334 [petre

692 2345 768 2371 XLL'
781 2336 840 2373 Et
855 2349 937 2373 cum
957 2336 1116 2373 dixisset

691 2396 747 2427 ter
765 2402 827 2427 me
847 2390 1006 2438 negabis

692 2453 783 2479 XLI‘I
802 2443 897 2481 Cum
920 2444 1110 2480 duceretur
1128 2442 1186 2480 ihs

690 2497 740 2534 ad
759 2498 909 2546 caipam
930 2497 1086 2546 quidam
1106 2509 1145 2534 se

690 2551 878 2599 quebatur
898 2551 1058 2588 amictus
1079 2558 1149 2588 se*

691 2605 833 2642 donem
852 2611 889 2642 et
910 2605 1044 2642 ductus
1067 2611 1124 2642 est

690 2659 748 2695 ihs
767 2659 817 2696 ad
836 2659 1056 2708 passionem

691 2722 800 2749 XLIII
816 2713 912 2751 Post
928 2724 1112 2749 resurrec-

1647 190 1734 228 MA
1741 190 1782 227 R
1788 191 1822 229 C
1827 190 1921 229 ΠΛ]

1261 278 1342 307 Fol.
1359 277 1437 306 154.

1261 319 1353 357 Non
1374 318 1574 356 crediderit
1593 319 1675 356 da-

1259 374 1409 410 nauitur
1429 380 1465 409 et
1483 381 1659 421 receptus

1259 434 1315 464 est
1335 427 1374 463 in
1394 426 1480 463 celis
1501 425 1597 463 dms·

1361 531 1653 571 CAPITULA

1362 638 1646 677 EUANGELI

1338 745 1676 784 SECUNDUM

1382 853 1626 891 MARCUM

1363 959 1662 998 EXPLICIT

1277 1065 1513 1117 INCIPIT<
1542 1067 1720 1118 EUAN<

1337 1174 1677 1213 SECUNDUM

1381 1281 1624 1321 MARCUM

1254 1645 1274 1672 I
1296 1637 1334 1672 11
1355 1635 1514 1673 lnz‘lz'um
1534 1638 1721 1686 euangelii

1254 1689 1321 1726 ihu
1340 1691 1492 1739 xfiz'filz'
1507 1691 1550 1727 di
1565 1692 1680 1728 ²sz'cut

1253 1745 1428 1781 scribtum
1448 1750 1502 1781 est
1518 1746 1557 1781 z'n
1577 1759 1593 1781 e

1254 1799 1328 1834 seia
1340 1799 1521 1848 prophela
1559 1812 1595 1835 ec

1308 1866 1343 1889 ce
1362 1855 1463 1889 millo
1483 1854 1647 1900 angela-⁸

1306 1918 1437 1943 meum
1457 1914 1545 1943 ante
1566 1914 1602 1944 te

1308 1967 1345 1997 et
1366 1968 1451 1997 ante
1471 1960 1606 1997 faciem

1307 2021 1412 2051 tuam
1433 2014 1499 2063 qui
1518 2026 1638 2063 prepa

1307 2068 1404 2105 rauit
1424 2069 1526 2104 uiam
1547 2072 1642 2105 tua*

1308 2128 1395 2159 ante
1416 2129 1452 2159 te
1525 2121 1623 2158 ⁸uox

1308 2175 1505 2212 clamantis
1525 2175 1564 2212 in
1584 2175 1631 2212 de

1308 2236 1408 2266 serto
1429 2235 1559 2278 parate
1579 2229 1673 2267 uia-

1307 2283 1372 2320 dni
1392 2290 1514 2321 rectas
1533 2282 1605 2320 faci

1307 2343 1344 2373 te
1365 2338 1519 2374 semitas
1539 2336 1579 2373 di
1599 2348 1671 2375 nos

1307 2391 1354 2427 tri

1254 2443 1361 2480 4Fuit
1380 2443 1568 2480 iohannes
1588 2444 1627 2480 in
1647 2443 1695 2481 de

1255 2505 1356 2535 serto
1376 2497 1571 2546 baptizans

1254 2558 1290 2588 et
1310 2551 1511 2600 predicans
1531 2551 1608 2600 bap

1254 2605 1408 2642 tismum
1428 2605 1582 2653 peniten

1254 2659 1327 2696 tiae
1347 2660 1386 2695 in
1406 2658 1580 2696 remissio

1253 2725 1341 2749 nem
1363 2717 1599 2761 peccatoru‘·

1045 2763 1186 2818 [lione‘·
1218 2748 1221 2803 i
1253 2767 1322 2803 ⁵Et
1341 2766 1607 2815 egrediebatur

691 2820 865 2869 apparuit
885 2819 942 2857 ihs
962 2820 1144 2868 apostolis

690 2882 727 2910 et
747 2874 841 2910 dixit
861 2875 926 2922 qui
946 2873 1099 2911 credide

692 2927 738 2963 rit
757 2935 793 2964 et
812 2928 1025 2975 baptizatus
1044 2927 1105 2964 fue

691 2980 736 3016 rit
758 2980 963 3017 saluabitur
982 2981 1047 3028 qui

989 3046 1084 3070 xxm

1217 2939 1220 2978 3

1219 2847 1221 2854 ,
1253 2819 1302 2857 ad
1321 2820 1427 2857 illum
1448 2820 1573 2857 omnis

1253 2874 1359 2923 regio
1379 2873 1513 2911 iudeae
1534 2879 1571 2910 et
1590 2884 1654 2910 om

2116 189 2160 244 [1.
2185 207 2283 241 1-15.

1790 319 1871 357 Nes
1891 319 2136 369 hierosolymi

1789 381 1850 410 tae
1870 381 1907 411 et
1926 375 2157 423 baptizabun

1789 434 1848 464 tur
1868 427 1916 463 ab
1937 428 1999 464 illo
2020 428 2059 464 in
2079 427 2187 465 iorda

1788 492 1864 517 nen
1884 481 2108 519 confitentes
2128 493 2200 531 pec

1789 540 1872 570 cata
1892 546 1961 571 sua

1788 587 1900 624 ⁶Erat
1919 594 2046 625 autem
2065 587 2182 626 iohan

1788 651 1856 677 nes
1876 640 2028 678 indutus
2047 642 2145 690 pilos
2165 653 2211 679 ca

1788 693 1890 730 melli
1927 701 1965 730 et
1984 694 2152 733 lucustas

1787 754 1824 783 et
1844 747 1920 783 mel
1940 747 2135 785 siluestrae

1788 800 1905 837 edens
1925 801 2011 850 ⁷qui
2030 802 2253 850 predicabat

1788 854 1919 891 dicens

1787 907 1874 956 Ego
1895 906 2049 956 quidem
2068 907 2222 956 baptizo

1786 973 1859 998 uos
1879 961 1918 997 in
1938 972 2078 1010 aquam
2098 961 2189 998 ueni

1787 1021 1825 1052 et
1843 1014 1974 1052 fortior
1993 1027 2055 1051 me
2094 1015 2201 1052 cuius

1787 1080 1866 1105 non
1887 1079 1972 1105 sum
1993 1068 2133 1116 dignus

1788 1122 1935 1160 soluere
1956 1122 2119 1170 corrigia

1788 1176 2128 1213 calciamentorum

1788 1230 1868 1267 eius
1888 1229 1988 1278 8ipse
2007 1241 2079 1266 uos
2099 1229 2252 1278 baptiza

1787 1283 1841 1320 uit
1861 1284 1900 1320 in
1920 1286 1993 1331 spu
2013 1287 2080 1320 sco

1786 1336 1966 1374 ⁹Factum
1987 1344 2043 1374 est
2061 1343 2190 1373 autem
2210 1335 2250 1373 in

1787 1390 1858 1427 illis
1878 1391 2010 1427 diebus
2029 1391 2133 1427 uenit

1785 1444 1844 1481 ihs
1863 1456 1885 1480 a
1903 1443 2094 1480 nazareth·
2117 1443 2194 1492 gali

1786 1498 1867 1535 leae
1906 1504 1942 1534 et
1961 1497 2173 1545 baptizatus

1786 1558 1843 1589 est
1862 1551 1902 1587 in
1921 1551 2136 1588 iordannen

1786 1638 1834 1675 ab
1854 1636 2062 1674 iohannem
2133 1633 2283 1688 [aqua-⁸

1786 1690 2018 1728 ¹⁰Ascendes
2038 1697 2165 1728 autem
2185 1690 2233 1728 de

1785 1745 1879 1782 uidit
1899 1751 2052 1793 apertos
2072 1744 2200 1782 caelos

1785 1806 1822 1836 et
1842 1802 1928 1847 spm
1948 1805 2132 1847 tanquam
2152 1809 2199 1835 co

1785 1853 1958 1889 lumbam
1979 1851 2201 1889 descende-

1784 1913 1863 1944 tem
1883 1918 1998 1954 super
2016 1906 2121 1942 illum
2141 1912 2178 1943 et

1784 1966 2005 1997 manentem

1783 2014 1869 2051 11Et
1888 2025 1966 2051 uox
1988 2013 2034 2050 de
2054 2012 2168 2050 caelis
2185 2019 2224 2049 tu
2239 2024 2281 2050 es

1837 2068 1937 2104 filius
1956 2078 2066 2105 meus
2086 2066 2182 2103 caris

1838 2121 1957 2158 simus
1977 2122 2017 2158 in
2037 2128 2073 2158 te
2094 2119 2235 2169 conpla

1837 2175 1898 2212 cui
2186 2171 2252 2225 [eu

1783 2227 1866 2265 ¹2Et
1886 2228 2058 2277 protinus
2078 2230 2142 2276 sps
2162 2227 2244 2264 tulit

1782 2282 1822 2318 in
1843 2282 1993 2318 deserto

1783 2335 1865 2372 ¹³Et
1886 2342 1964 2372 erat
1983 2335 2022 2370 in
2042 2333 2193 2371 deserto
2218 2333 2278 2372 die

1783 2389 1866 2426 bus·
1887 2401 1949 2426 XL·
1971 2396 2007 2425 et
2027 2388 2225 2437 temptaba

1783 2450 1844 2480 tur
1863 2454 1885 2479 a
1906 2448 2038 2479 satana
2057 2448 2094 2478 et
2114 2447 2194 2479 erat

1783 2508 1872 2534 cum
1891 2496 2032 2533 besteis
2051 2501 2088 2533 et
2110 2507 2210 2544 ange

1783 2550 1807 2586 li
1828 2550 2093 2587 ministrabant
2114 2549 2147 2586 ei

1782 2603 1850 2639 ΙΙ14
1869 2603 1928 2641 Et
1937 2607 2130 2652 postquam
2150 2606 2232 2639 lra-

2160 2653 2278 2707 [dilus

1782 2717 1839 2748 est
1857 2711 2043 2749 iohannes
2062 2709 2166 2746 uenit

1781 2765 1841 2801 ihs
1860 2765 1900 2801 in
1919 2763 2094 2812 galileam
2114 2774 2182 2811 pre

1782 2819 1915 2855 dicans
1935 2816 2176 2865 euangelium

1781 2871 1821 2908 di
1947 2870 1975 2890 ¹⁵
1983 2871 2114 2907 dicens
2133 2880 2213 2919 quo

1780 2925 1885 2961 niam
1905 2923 2097 2973 adimpleta
2117 2928 2192 2960 su-
