2504 3382
255 199 291 226 x.
313 199 434 225 21-x1.
454 183 504 238 3-]
562 184 606 223 E
609 183 880 223 UANGELI
880 183 973 223 UM

254 274 336 304 Pol.
355 274 434 307 175.

257 316 382 354 Ribus
401 322 438 353 et
456 314 615 353 habebis
633 314 730 352 the*

255 382 413 408 saurum
431 370 470 406 in
490 370 596 407 caelo
616 376 652 406 et

254 424 343 461 ueni
363 435 519 473 sequere
540 434 601 460 me

254 476 359 514 ²²Ille
379 484 508 515 autem
527 476 708 514 contrista

254 537 315 569 tus
334 537 390 568 est
409 531 446 567 in
467 531 541 568 hoc
561 532 680 567 uerbo

253 591 289 621 et
309 585 462 622 recessit
480 590 516 621 et
537 584 627 621 abiit
647 583 712 621 tris

252 640 300 676 tis
337 645 417 675 erat
435 638 537 675 enim
557 637 703 675 habens

253 692 394 730 multas
416 692 662 740 possetsionis

251 753 290 783 et
310 746 492 795 pecunias

253 799 336 837 ²⁸Et
356 799 665 848 circumspiciens
689 798 747 836 ihs

253 854 306 891 ait
325 852 519 902 discipulis
539 853 616 890 suis
639 860 744 902 qua-

253 907 401 945 difficile
422 907 487 955 qui
506 906 646 955 pecuni

252 973 294 998 as
314 960 456 997 habent
473 960 512 996 in
532 967 685 1009 regnu-

252 1014 292 1052 ni
311 1014 520 1051 introibunt

253 1067 318 1105 ²⁶F
321 1068 449 1105 acilius
472 1074 529 1104 est
552 1066 749 1104 camellu-

252 1133 321 1170 per
340 1121 512 1158 foramen
532 1132 621 1158 acus

252 1175 409 1212 transire
430 1185 548 1222 quam
568 1174 645 1210 diui

251 1235 329 1265 tem
349 1228 387 1264 in
407 1238 526 1277 regno
545 1227 585 1263 di
622 1227 651 1248 ²⁴
662 1226 719 1264 dis

251 1282 365 1331 cipuli
386 1293 478 1318 uero
500 1281 580 1318 eius
601 1293 651 1330 pa

252 1336 395 1373 uebant
413 1336 451 1372 in
471 1335 597 1373 uerbis

251 1391 331 1428 eius

250 1443 314 1480 Ad
333 1442 390 1480 ihs
408 1442 645 1492 respondens
664 1441 734 1479 illis

250 1496 388 1533 iterum
408 1496 500 1533 dixit
519 1496 581 1533 filii
601 1503 710 1545 qua-

251 1550 410 1589 difficele
430 1556 486 1588 est
504 1562 569 1588 eos
589 1550 654 1599 qui

251 1636 462 1675 Confidunt
481 1637 520 1674 in
539 1648 637 1686 pecu

250 1691 322 1728 niis
341 1691 380 1727 in
400 1702 561 1739 regnum
580 1690 620 1728 di

250 1744 402 1781 introire

251 1797 365 1843 ²⁶Qui
384 1804 514 1835 autem
534 1797 657 1846 magis
678 1797 726 1835 ad

250 1851 486 1889 mirabantur
505 1851 553 1888 ad
573 1864 613 1888 se

249 1905 434 1954 metipsos
455 1905 623 1942 dicentes

249 1965 287 1995 et
306 1959 392 2008 quis
413 1965 537 2008 potest
557 1959 686 1997 saluus

249 2012 331 2049 fieri
633 2011 746 2065 [aput

249 2065 334 2104 ²⁷Et
370 2066 520 2103 intuens
564 2065 650 2104 illos
687 2067 745 2105 ihs

249 2119 425 2157 homines
446 2120 631 2169 inpossibi

248 2172 283 2210 le
303 2181 359 2210 est
414 2180 506 2222 aput
526 2173 593 2210 dm
613 2185 663 2212 au

248 2233 325 2264 tem
345 2227 523 2277 possibile

249 2280 330 2318 ²⁸Et
353 2282 479 2330 coepit
498 2282 533 2319 ei
552 2287 681 2330 petrus
705 2281 744 2320 di

248 2346 333 2372 cere
380 2347 467 2372 ecce
488 2347 559 2373 nos
579 2347 650 2372 mls

247 2399 333 2425 surn
354 2388 512 2426 fecimus
532 2390 662 2427 omnia

247 2448 285 2478 et
304 2442 422 2479 secuti
441 2454 574 2479 sumus
593 2449 629 2479 te

248 2494 541 2544 ²⁹Respondens
561 2504 689 2533 autem

248 2549 305 2586 ihs
324 2549 416 2586 dixit
435 2561 548 2587 amen
569 2550 656 2587 dico

247 2603 359 2641 uobis
397 2615 512 2641 nemo
532 2610 588 2640 est
607 2604 673 2653 qui

246 2657 433 2706 reliquerit
452 2657 611 2695 domum

246 2710 309 2748 uel
330 2711 460 2748 fratres
498 2719 561 2748 aut
583 2723 627 2749 so

245 2776 352 2802 rores
372 2772 436 2801 aut
455 2771 617 2802 matrem

247 2825 312 2856 aut
331 2818 428 2855 filios
465 2826 531 2856 aut
551 2831 663 2867 agros

245 2880 400 2921 propter
422 2884 484 2910 me
504 2880 540 2910 et
559 2885 658 2923 prop

313 3010 463 3030 BUCHANAN

787 313 869 352 Ter
888 313 1133 363 euangelium
1152 312 1253 362 ³⁰qui

783 380 864 406 non
885 368 1051 417 adcipiat
1071 367 1213 405 centies

782 429 932 459 tantum
978 433 1080 459 nunc
1100 421 1137 457 in

784 475 858 513 hoc
879 483 1050 524 tempore
1087 474 1153 523 qui
1173 486 1223 511 au

782 536 860 566 tem
879 528 1065 578 reliquerit
1084 529 1237 566 domu-

782 590 819 620 et
839 595 988 621 sorores
1025 588 1062 619 et
1081 582 1212 619 fratres

781 643 818 674 et
838 643 998 674 matrem
1016 641 1054 672 et
1073 635 1170 672 filius

782 702 872 728 cum
891 689 1142 740 persecutioni

781 745 853 781 bus
873 744 911 781 in
932 749 1095 780 uenturo
1116 742 1227 780 uita*

781 804 975 835 aeternam
995 797 1154 845 accipiet

781 850 806 872 ³¹
818 851 928 889 Multi
947 857 1075 888 autem
1094 856 1204 887 erunt

782 905 894 954 primi
914 904 1112 942 nouissimi
1131 910 1168 941 et
1186 915 1238 941 no

781 959 925 996 uissimi
945 958 1056 1007 primi
1193 955 1274 1009 [uia

782 1022 903 1050 XXXII
920 1011 1085 1049 ³2Erant
1101 1015 1217 1048 autem
1237 1012 1275 1048 z'n

781 1066 1031 1104 ascendentes
1051 1066 1089 1102 in
1110 1065 1170 1102 hie

781 1120 964 1157 rosolima
984 1126 1020 1156 et
1038 1131 1150 1168 prece

781 1174 895 1211 debat
914 1174 996 1211 illos
1016 1173 1074 1210 ihs
1094 1179 1130 1210 et
1149 1183 1248 1221 paue

780 1228 873 1264 bant
893 1233 1095 1276 sequentes

779 1279 829 1318 Et
850 1280 1057 1317 adsumens
1076 1279 1159 1316 illos
1179 1278 1258 1316 duo

779 1334 903 1372 decim
923 1334 1049 1383 coepit
1068 1333 1121 1370 eis
1140 1333 1190 1369 ite

779 1400 864 1425 rum
885 1388 1009 1425 dicere
1030 1399 1127 1437 quae
1148 1386 1180 1424 si

777 1442 816 1479 bi
834 1448 1017 1479 euentura
1034 1447 1160 1478 essent

778 1496 903 1545 ³⁸quia
921 1507 1009 1533 ecce
1029 1494 1274 1532 ascendimus

777 1549 1031 1598 iherosolyma
1049 1555 1086 1586 et
1104 1548 1202 1585 filius

778 1635 961 1673 Hominis
981 1635 1148 1672 tradetur

778 1689 1013 1739 principibus
1033 1688 1193 1726 sacerdo

781 1750 862 1780 tum
882 1749 919 1780 et
940 1743 1069 1780 scribis
1090 1748 1126 1779 et
1147 1742 1237 1779 dam

779 1799 926 1834 nabunt
946 1797 1051 1833 illum
1071 1796 1184 1833 morti

779 1859 815 1888 et
835 1851 982 1888 tradent
1002 1862 1091 1887 eum
1112 1862 1187 1899 gen

778 1905 879 1942 tibus
899 1904 970 1941 ³⁴et
989 1904 1162 1940 inludent
1182 1915 1273 1940 eum

780 1964 817 1995 et
837 1964 1025 2007 conspuet
1045 1970 1134 1995 eum
1154 1964 1192 1994 et

778 2012 953 2050 occident
971 2023 1060 2048 eum
1079 2018 1114 2048 et
1134 2018 1219 2060 post

778 2072 852 2103 tres
873 2065 952 2103 dies
972 2072 1142 2114 resurget

777 2119 861 2156 ³⁵Et
873 2119 1116 2156 adcesserunt
1132 2118 1180 2155 ad
1192 2126 1270 2155 eu*

778 2173 936 2210 iacobus
954 2180 990 2210 et
1008 2173 1193 2210 iohannes

777 2226 829 2263 fili
850 2226 1028 2264 zebaedei
1049 2227 1160 2264 dicen

777 2287 833 2318 tes
853 2280 1032 2329 magister
1051 2280 1145 2318 uolu

776 2346 861 2371 mus
881 2341 922 2371 ut
942 2334 1216 2383 quodcumque

776 2388 992 2437 petierimus
1012 2395 1048 2425 te
1067 2399 1178 2438 praes

776 2449 834 2479 tes
853 2442 965 2479 nobis

777 2495 871 2533 3⁶Ad
887 2496 967 2544 ipse
983 2495 1074 2532 dixit
1094 2495 1185 2544 quid
1204 2494 1271 2531 uul

777 2549 822 2586 tis
842 2556 882 2586 ut
903 2549 1039 2586 faciam
1058 2549 1168 2586 uobis

776 2603 870 2639 3⁷Illi
890 2609 1018 2640 autem
1038 2603 1212 2639 dixerunt
1236 2602 1270 2639 ei

776 2656 825 2694 da
845 2657 957 2694 nobis
976 2663 1016 2693 ut
1036 2668 1135 2692 unus
1155 2656 1203 2693 ad

774 2710 948 2748 dextram
969 2718 1074 2747 tuam
1093 2716 1130 2747 et
1150 2710 1198 2746 ali

776 2765 826 2801 ad
847 2764 1035 2801 sinistram
1056 2763 1170 2800 sedea

775 2830 861 2856 mus
881 2818 919 2854 in
939 2818 1098 2867 gloriam
1117 2824 1216 2854 tua-

774 2872 871 2910 ³⁸Ad
890 2872 947 2910 ihs
964 2872 1204 2921 respondens
1219 2871 1269 2908 ait

1286 3002 1310 3026 N

1657 180 1767 219 SEC
1794 180 2066 219 MARCUM

1347 269 1429 300 1⁸01.
1445 270 1523 301 176.

1349 312 1422 349 illis
1470 311 1624 349 nescitis
1644 310 1735 361 quid

1347 365 1482 414 petatis
1528 367 1685 414 potestis
1704 365 1793 403 bibe

1346 431 1386 456 re
1406 419 1564 456 calicem
1585 431 1699 468 quem
1721 430 1794 467 ego

1345 472 1531 509 bibiturus
1551 484 1636 509 sum
1657 479 1720 509 aut
1740 473 1816 521 bap

1344 526 1498 563 tismum
1518 526 1623 575 quod
1642 538 1716 575 ego
1735 526 1810 575 bap

1344 580 1440 617 tizor
1459 579 1639 628 baptizari

1343 632 1440 670 ³⁹Ad
1460 633 1512 669 illi
1528 633 1704 671 dixerunt
1721 644 1839 682 possu

1343 699 1428 724 mus

1343 740 1391 778 Et
1411 740 1462 777 ait
1482 740 1552 777 illis
1572 739 1630 777 ihs
1668 739 1826 778 calicem

1343 794 1498 843 quidem
1517 806 1632 843 quem
1652 806 1726 842 ego

1344 849 1475 885 bibero
1496 848 1630 885 bibetis
1649 854 1685 884 et
1704 848 1781 897 bap

1343 902 1499 939 tismum
1518 902 1622 951 quod
1642 913 1716 950 ego
1736 902 1812 951 bap

1343 955 1437 993 tizor
1456 955 1702 1004 baptizamini

1343 1008 1511 1046 ⁴⁰sedere
1530 1016 1657 1046 autem
1678 1008 1725 1046 ad
1746 1008 1820 1047 dex

1345 1069 1440 1099 tram
1461 1075 1587 1100 meam
1608 1063 1669 1099 uel
1689 1062 1737 1099 ad
1759 1063 1789 1099 si

1345 1117 1504 1153 nistram
1525 1129 1603 1154 non
1624 1123 1679 1154 est
1699 1129 1762 1154 me

1345 1182 1410 1207 um
1431 1170 1521 1207 dare
1541 1171 1622 1207 aliis
1642 1182 1734 1219 para

1344 1230 1426 1260 turn
1447 1231 1503 1261 est

1344 1276 1469 1315 ⁴¹Hoc
1490 1277 1621 1315 audito
1641 1278 1753 1315 ceteri
1774 1277 1821 1315 de

1345 1343 1429 1368 cem
1451 1337 1659 1380 coeperunt
1679 1332 1717 1368 in

1344 1385 1458 1434 digne
1478 1385 1574 1422 ferre
1595 1385 1641 1422 de
1661 1385 1745 1423 iaco

1343 1439 1393 1475 bo
1413 1445 1450 1475 et
1468 1438 1674 1476 iohannem

1343 1491 1490 1538 ⁴²Quos
1507 1504 1595 1529 cum
1608 1493 1839 1530 aduocasset

1343 1546 1401 1583 ihs
1421 1546 1470 1584 ait
1488 1546 1558 1583 illis
1579 1547 1680 1583 scitis
1701 1547 1767 1596 qui

1343 1632 1398 1670 Hi
1418 1633 1482 1683 qui
1503 1632 1678 1670 uidentur

1342 1687 1547 1737 principari
1566 1687 1737 1736 gentium

1344 1741 1591 1779 dominantur
1611 1748 1737 1778 eoru*

1341 1801 1378 1832 et
1398 1795 1577 1844 principis
1597 1806 1731 1832 eorum

1343 1855 1573 1897 potestatem
1594 1848 1736 1885 habent

1341 1902 1491 1939 illorum
1564 1902 1592 1921 ‘¹³
1600 1914 1677 1939 non
1698 1902 1749 1939 ita

1342 1956 1380 1993 in
1399 1956 1511 1993 uobis
1531 1962 1588 1993 est
1608 1956 1673 1993 sed
1695 1956 1759 2005 qui

1341 2021 1508 2059 cumque
1528 2009 1689 2047 uoluerit

1341 2064 1464 2100 maior
1483 2075 1566 2100 esse
1586 2064 1624 2099 in
1644 2063 1756 2101 uobis

1341 2118 1410 2155 erit
1429 2124 1556 2154 uester
1575 2117 1688 2155 minis

1341 2178 1397 2208 ter
1470 2171 1538 2208 ‘³⁴¹et
1557 2171 1751 2220 quicumq·

1340 2225 1502 2262 uoluerit
1521 2225 1560 2261 in
1579 2225 1690 2262 uobis
1710 2237 1751 2263 es

1342 2291 1381 2316 se
1402 2279 1548 2327 primus
1568 2279 1637 2316 erit
1657 2291 1724 2316 om

1341 2333 1446 2369 nium
1466 2344 1599 2369 seruus

1341 2387 1480 2423 ⁴⁵Nam
1500 2392 1536 2423 et
1556 2386 1654 2423 filius
1674 2385 1781 2423 homi

1341 2441 1398 2477 nis
1418 2452 1498 2477 non
1517 2441 1622 2477 uenit
1641 2440 1754 2477 minis

1339 2495 1426 2531 trari
1446 2493 1512 2531 sed
1531 2494 1704 2532 ministra

1339 2560 1379 2585 re
1399 2556 1436 2585 et
1456 2548 1546 2584 dare
1567 2548 1735 2584 animam

1340 2613 1449 2639 suam
1468 2601 1764 2651 redemptione*-

1341 2667 1410 2702 pro
1431 2655 1558 2692 multis

1339 2708 1420 2745 ⁴⁶Et
1441 2717 1531 2745 tunc
1551 2708 1655 2745 uenit
1675 2706 1816 2744 iberico

1339 2771 1477 2798 XXXIII
1482 2762 1539 2799 Et
1540 2762 1644 2811 profi
1646 2762 1791 2798 cz'scenle
1803 2763 1834 2798 e⁰

1337 2816 1425 2853 inde
1445 2828 1533 2853 cum
1553 2816 1701 2864 discipu

1338 2870 1381 2907 lis
1402 2870 1478 2908 suis
1499 2877 1535 2907 et
1555 2870 1666 2907 turba
1686 2869 1805 2907 multa

1873 308 1991 346 Filius
2019 308 2155 346 timeae
2174 308 2257 346 bari

1872 362 2035 400 thimeas
2056 374 2194 400 caecus
2215 374 2255 400 se

1873 416 1986 453 debat
2006 416 2107 454 circa
2129 417 2191 453 uia
2210 423 2304 453 me-

1875 470 2007 507 dicans

1872 523 1900 543 4⁷
1908 523 1984 561 Hic
1993 535 2081 561 cum
2089 522 2253 561 audisset
2263 521 2370 572 quod

1872 576 1929 614 ihs
1948 589 2159 614 nazoraeus
2179 583 2235 614 est

1874 631 2001 679 coepit
2022 631 2187 668 clamare
2208 636 2245 668 et

1874 684 1998 721 dicere
2036 685 2094 721 ihs
2114 684 2166 720 fili
2186 682 2301 721 dauid

1874 738 2053 775 miserere
2074 738 2149 774 mei

1874 791 1958 828 ⁴⁸Et
1978 791 2086 828 multi
2110 791 2372 828 conminaba-

1873 851 1933 881 tur
1952 844 2003 881 illi
2023 851 2064 881 ut
2084 851 2224 882 taceret

1873 898 1937 935 Ad
1957 898 2017 936 ille
2039 898 2159 935 multo
2180 897 2305 945 magis

1873 952 2063 990 clamabat
2082 952 2133 989 fili
2152 951 2268 989 dauid

1873 1006 2051 1043 miserere
2071 1006 2146 1043 mei

1872 1060 1956 1096 ⁴⁹Et
1969 1066 2073 1097 stans
2088 1060 2144 1097 ihs
2157 1059 2262 1096 iussit
2274 1058 2370 1096 illu-

1873 1114 2002 1150 uocari
2040 1114 2105 1162 qui
2126 1114 2257 1150 dicunt

1872 1179 1988 1205 caeco
2044 1167 2239 1216 animequi

1874 1233 1917 1258 or
1936 1228 2019 1258 esto
2040 1233 2152 1269 surge
2173 1226 2288 1258 uocat

1872 1282 1909 1311 te
1983 1274 2085 1323 5‘'qui
2105 1286 2197 1311 uero
2219 1286 2289 1323 pro

1873 1328 1972 1365 iecto
1992 1329 2225 1365 uestimento

1873 1393 1944 1419 suo
1964 1382 2118 1419 exiliens
2139 1382 2245 1418 uenit

1873 1435 1923 1473 ad
1941 1447 2031 1472 eum
2139 1434 2209 1472 ⁵¹et

1872 1489 2111 1538 respondens
2131 1489 2224 1526 dixit

1872 1543 1922 1580 illi
1941 1543 1998 1580 ihs
2018 1543 2110 1592 quid
2129 1543 2186 1581 uis
2206 1542 2243 1580 fa

1874 1630 1983 1668 Ciam
2005 1630 2072 1667 tibi

1875 1684 2022 1722 Caecus
2042 1690 2169 1721 autem
2191 1683 2282 1721 dixit
2302 1683 2338 1720 ei

1873 1739 1961 1775 dme
1981 1738 2088 1775 rabbi
2108 1745 2148 1775 ut
2168 1738 2313 1775 uidea—

1873 1792 1973 1829 ⁵2Ihs
1994 1804 2084 1829 uero
2105 1792 2199 1828 dixit
2218 1791 2252 1828 ei
2271 1790 2369 1828 uade

1873 1845 1911 1882 hi
1931 1846 2028 1883 uade
2049 1845 2142 1882 fides
2162 1852 2227 1882 tua
2246 1852 2282 1882 te

1873 1900 2024 1937 saluum
2045 1900 2132 1936 fecit
2152 1906 2188 1935 et
2208 1911 2283 1936 con

1872 1953 1998 1991 festim
2017 1953 2109 1990 uidit
2129 1959 2165 1990 et
2186 1964 2303 2001 seque

1870 2008 1983 2044 batur
2002 2019 2091 2043 eum
2111 2007 2147 2043 in
2169 2006 2273 2042 uiam

1871 2071 2027 2096 xxxllrl
2044 2070 2078 2098 11
2098 2058 2173 2097 ‘Et
2198 2073 2278 2096 cum
2302 2060 2368 2096 ad-

2131 2111 2367 2166 [propinqua

1869 2168 2124 2217 hierosolyma
2145 2175 2180 2204 et
2200 2169 2248 2204 be

1870 2222 2043 2259 thaniam
2063 2222 2112 2258 ad
2131 2228 2296 2258 monte-

1870 2277 1999 2314 oliueti
2037 2276 2149 2312 mittit
2169 2275 2266 2312 duos

1870 2343 1916 2368 ex
1938 2330 2129 2379 discipulis
2149 2329 2225 2366 suis
2245 2327 2301 2365 ²et

1869 2384 1919 2421 ait
1938 2384 2009 2420 illis
2047 2384 2095 2420 ite
2115 2384 2153 2419 in
2173 2382 2289 2420 castel

1866 2437 1946 2474 lum
1966 2437 2072 2487 quod
2091 2443 2226 2474 contra

1869 2503 1940 2529 uos
1960 2498 2017 2529 est
2090 2497 2127 2528 et
2147 2491 2245 2526 intro

1868 2552 2001 2582 euntes
2022 2544 2150 2582 statim
2170 2544 2260 2580 inue

1869 2599 1977 2636 nietis
1997 2598 2143 2647 pullum
2163 2597 2238 2634 adli

1868 2660 1999 2702 gatum
2020 2664 2133 2700 super
2153 2662 2270 2701 quem

1868 2718 1985 2743 nemo
2005 2705 2128 2743 adhuc
2148 2705 2199 2743 ho

1868 2761 2016 2796 minum
2036 2759 2131 2797 sedit
2151 2759 2248 2796 solui

1866 2821 1902 2851 te
1921 2814 2027 2851 illum
2046 2820 2083 2851 et
2104 2813 2241 2850 adduci

1864 2875 1901 2905 te
1920 2868 1978 2905 ³et
1998 2868 2028 2904 si
2048 2868 2133 2916 quis
2153 2868 2263 2904 uobis
2285 2867 2322 2904 di

1865 2922 1960 2959 xerit
1980 2922 2072 2970 quid
2092 2921 2236 2959 soluitis
